1803 3230
706 238 760 274 De
785 237 936 274 diectasi
959 237 1150 273 homerica.
1603 233 1680 273 143

187 345 342 401 fact'um
374 358 522 409 (schol.
555 358 714 407 K466)
746 367 800 397 ex
831 353 1063 396 Aristarchi
1090 353 1292 408 *opinione
1324 353 1487 404 (Lehrs.
1523 352 1649 394 Arist.
1668 354 1683 380 2

188 426 299 478 315),
329 423 462 466 multa
491 423 590 465 alia.
644 420 738 473 Qua
770 419 982 463 decausa
1013 418 1244 461 Herodiani
1274 420 1449 473 regulae
1479 417 1682 460 obnititur

188 490 318 532 schol.
349 506 379 543 μ
412 492 514 530 417;
566 489 746 529 θεείου·
790 484 833 527 εἲ
860 501 908 539 γε
941 483 1032 526 ἀπὸ
1063 488 1140 526 τοῦ
1172 487 1305 526 θείου
1339 483 1572 538 διαίρεσις,
1608 482 1681 524 διὰ

187 558 231 597 τί
251 554 301 596 τὸ
323 557 479 597 θεείου
512 550 586 594 διὰ
610 548 896 607 ὁιφθόγγουῑ-
922 550 1069 606 φαμὲν
1092 546 1160 590 ὅτι
1182 547 1464 602 πλεονασμός
1486 546 1580 591 ἐστι
1602 552 1680 590 τοῦ

189 636 222 673 ε,
255 617 315 670 ὥς
346 617 411 669 εἷς
443 617 546 668 ἕεις.
601 616 790 668 Quocum
821 615 1136 658 consentientes
1164 613 1353 669 plerique
1382 614 1605 656 verborum
1636 614 1681 655 in
1761 630 1763 632 ·

186 701 275 727 -αω
316 696 482 739 quoque
524 681 782 725 anomaliam
833 677 1116 733 πλεονασμόν
1155 682 1331 732 vocant,
1380 679 1499 721 velut
1547 679 1679 722 schol.

187 753 237 793 A
272 752 363 803 104,
404 751 447 792 A
480 752 514 801 1,
548 749 596 791 E.
629 747 683 789 M.
717 748 820 802 633,
856 748 906 788 12
948 743 1059 801 (ἀπὸ
1100 748 1178 787 τοῦ
1211 741 1390 799 ὁροῗοιτε
1423 740 1562 801 ὁριρτε
1604 746 1678 788 καὶ

187 816 455 870 πλεονασμῷ
488 811 697 869 ὁρόῳτε),
734 814 825 865 178,
859 814 925 854 33.
958 814 1052 862 452,
1086 814 1138 852 50
1171 810 1234 859 (cf.
1269 811 1373 852 Lob.
1405 811 1433 852 l.
1466 818 1538 864 c.),
1587 813 1679 864 113,

187 882 253 922 49.
285 883 380 934 347,
412 881 451 922 9.
484 881 578 930 220,
613 880 651 921 9.
703 877 851 921 Choer.
886 878 980 930 294,
1018 878 1067 919 18
1099 876 1170 930 (ΙΙ,
1204 877 1284 918 309
1314 875 1400 929 L.),
1441 875 1508 918 cui
1538 888 1681 919 assen-

185 947 285 988 titur
315 946 419 987 Lob.
449 946 515 986 El.
546 944 604 997 ΙΙ,
639 946 731 996 122,
763 943 949 996 denique
979 947 1124 984 auctor
1155 943 1326 996 epimer.
1358 942 1391 994 Ι,
1419 944 1468 982 14
1502 939 1576 995 (II,
1599 943 1679 983 307

184 1008 267 1065 L.),
301 1009 371 1064 qui
401 1010 509 1052 haec-
539 1008 680 1050 addit:
712 1010 788 1049 καί
819 1005 916 1050 ἐστι
937 1005 987 1048 τὸ
1010 1006 1091 1060 μὲν
1113 1007 1160 1049 ἓν
1183 1008 1211 1048 o?
1236 1005 1325 1061 πρὸ
1346 1006 1501 1055 τέλους
1524 1004 1678 1060 βραχύ,

185 1074 235 1116 τὸ
268 1074 317 1118 δὲ
347 1077 380 1115 ἃ
403 1073 453 1116 τὸ
485 1073 564 1118 ἐπὶ
593 1071 951 1131 τέλουςχμακρόν,
983 1070 1143 1128 ἐπειδὴ
1169 1070 1312 1114 κανών
1335 1070 1456 1114 ἐστιν
1480 1067 1502 1113 ὁ
1524 1071 1677 1125 λέγων,

186 1136 255 1181 ὅτι
284 1137 410 1181 πᾶσα
442 1136 634 1194 συλλαβὴ
668 1132 977 1189 πλεονάζουσα
1005 1140 1254 1191 βραχυτέρα
1286 1137 1415 1178 θέλει
1447 1133 1563 1178 εἶναι
1598 1140 1678 1192 τῆς

185 1202 231 1247 ἐν
262 1198 290 1260 ᾗ
320 1202 559 1256 πλεονάζει
590 1203 825 1259 συλλαβῆς.

297 1269 460 1311 Eodem
498 1269 586 1311 fere
624 1268 750 1310 modo
799 1267 852 1310 de
900 1268 1147 1321 pleonasmo
1197 1268 1267 1310 vel
1317 1268 1444 1309 simili
1493 1267 1676 1320 quadam

184 1333 408 1377 affectione
425 1334 476 1386 ei,
500 1333 809 1387 quiHomerum
826 1332 1058 1385 imitantur,
1076 1332 1287 1386 cogitasse
1304 1332 1516 1374 videntur.
1538 1333 1678 1375 Anxie

187 1411 285 1441 vero
325 1422 381 1428 —
420 1398 533 1452 quod
573 1398 743 1452 quidem
782 1397 966 1452 pertinet
996 1397 1053 1439 ad
1082 1398 1215 1440 verba
1244 1398 1289 1439 in
1319 1413 1407 1438 -αω
1446 1421 1501 1426 -—
1541 1397 1584 1439 in
1617 1398 1678 1440 eis

183 1468 347 1506 tantum
377 1462 522 1506 formis
552 1464 844 1519 pleonasmum
876 1463 1127 1516 admittunt,
1172 1462 1214 1504 in
1248 1462 1399 1516 quibus
1438 1463 1564 1505 etiam
1596 1463 1679 1505 Ho-

183 1542 324 1571 merus
362 1529 591 1583 putabatur
630 1542 724 1571 eum
763 1529 1001 1572 admisisse.
1062 1528 1232 1571 Scilicet
1263 1541 1314 1570 ea
1342 1533 1504 1571 tantum
1536 1528 1680 1570 condi-

183 1595 304 1637 cione
334 1594 450 1648 apud
488 1594 601 1637 hunc
631 1594 830 1638 diectasis
860 1609 937 1638 usu
968 1594 1107 1648 venit,
1148 1599 1194 1636 ut
1222 1594 1429 1648 posterior
1459 1606 1482 1636 e
1515 1593 1679 1636 duabus

182 1660 401 1702 vocalibus
441 1664 515 1701 aut
553 1665 707 1702 natura
744 1666 817 1702 aut
855 1660 1066 1714 positione
1104 1661 1234 1713 longa
1273 1660 1339 1702 sit.
1400 1660 1543 1701 Pauca
1573 1672 1677 1706 sane

182 1724 297 1779 apud
326 1724 581 1779 posteriores
607 1725 891 1779 inveniuntur,
925 1738 1032 1780 qua-e
1052 1725 1131 1768 hos
1151 1725 1326 1779 regulae
1346 1723 1451 1767 fines
1473 1724 1677 1778 migrent:

182 1790 324 1841 Quint.
360 1792 403 1842 1,
437 1792 518 1832 420
551 1787 735 1844 ὁράᾶτε,
768 1788 951 1844 Oppian.
984 1790 1091 1845 Cyn.
1123 1792 1160 1843 3,
1194 1793 1260 1832 67.
1301 1788 1431 1843 Orph.
1463 1790 1511 1831 fr.
1544 1792 1590 1839 2,
1627 1792 1676 1831 12

182 1852 461 1909 εἰςοράᾶται,
506 1855 597 1897 Nic.
629 1855 695 1897 Al.
728 1857 805 1896 221
843 1854 1169 1909 βρυκανάᾶται,
1210 1855 1361 1909 Sibyll.
1395 1858 1432 1907 5,
1470 1857 1560 1908 125,
1598 1858 1672 1896 171

180 1917 481 1974 ιιιηχοενιιίἇτοιι,
526 1920 708 1962 Secund.
746 1921 791 1962 in
832 1921 1017 1962 Brunck.
1058 1921 1182 1962 Anal.
1214 1920 1280 1961 III
1323 1934 1362 1973 p.
1397 1924 1421 1961 5
1463 1919 1674 1972 ἒξελάᾶτε

183 1982 251 2039 (cf.
283 1984 388 2026 Lob.
420 1985 569 2027 Rhem.
605 1987 683 2027 184
709 1984 805 2039 sq.).
855 1985 1082 2027 Praeterea
1112 1985 1415 2027 nonnullarum
1447 1984 1675 2028 formarum

180 2048 387 2102 scriptura
416 2049 531 2102 apud
569 2050 667 2091 illos
702 2063 787 2091 non
818 2049 967 2091 eadem
1001 2055 1064 2091 est
1094 2063 1202 2102 quae
1232 2054 1469 2091 nostrorum
1502 2050 1676 2093 Homeri

180 2113 500 2168 exemplarium.
534 2112 655 2160 ,Cum
687 2113 798 2156 enim
830 2114 874 2156 in
905 2114 983 2166 his,
1015 2114 1050 2156 si
1081 2114 1195 2169 prior
1223 2114 1383 2156 vocalis
1413 2130 1446 2154 ω
1469 2114 1677 2169 producta

180 2178 245 2232 sit,
277 2179 412 2221 altero
442 2179 534 2222 loco
567 2195 589 2220 ο
621 2179 841 2234 scribatur,
884 2179 998 2234 apud
1042 2180 1139 2222 illos
1178 2179 1303 2221 modo
1336 2195 1358 2221 0
1389 2180 1516 2222 modo
1549 2197 1583 2222 ω
1614 2182 1677 2223 in-

179 2245 366 2287 venitur:
389 2245 449 2287 ita
469 2243 584 2300 apud
607 2240 880 2299 Apollonium
901 2246 1056 2300 legitur
1076 2243 1368 2299 μαιμώωντες
1390 2248 1428 2298 4,
1452 2247 1548 2299 219,
1570 2263 1676 2299 μαι-

178 2309 357 2363 μώωντι
389 2313 435 2363 4,
473 2314 600 2362 1544,
645 2311 983 2364 μενοινώωντας
1015 2314 1052 2363 4,
1089 2313 1215 2362 1255,
1263 2310 1338 2353 sed
1369 2308 1604 2363 ἀμώοντας
1636 2315 1674 2366 3,

183 2377 314 2431 1187;
359 2375 475 2430 apud
506 2374 748 2432 Oppianum
779 2374 1040 2418 αὐόώωνται
1071 2376 1167 2419 Hal.
1203 2380 1236 2428 1,
1270 2377 1363 2418 378.
1397 2378 1493 2431 776,
1527 2373 1676 2432 ὁρμώ-

181 2456 316 2482 ωνται
352 2444 388 2492 1,
421 2443 515 2493 598,
548 2442 624 2484 sed
654 2440 942 2494 μαιμώοντας
973 2445 1010 2494 4,
1044 2444 1108 2483 93.
1154 2447 1190 2494 5,
1224 2444 1318 2493 375,
1352 2441 1605 2485 πεινώοντα
1638 2447 1674 2498 5,

179 2508 246 2558 50,
288 2504 599 2563 συνηβώοντας
631 2510 668 2559 5,
702 2510 803 2559 471;
850 2506 965 2562 apud
996 2507 1293 2549 Manethonem
1327 2506 1605 2559 λυσσιύοντες
1641 2514 1673 2563 1,

179 2573 283 2626 244,
314 2571 429 2625 apud
451 2571 653 2623 Quintum
673 2571 966 2625 μαιμώωντες
1001 2576 1036 2625 1,
1064 2575 1154 2613 177.
1188 2574 1354 2624 2,‚110.
1388 2577 1483 2624 454.
1517 2577 1554 2626 4,
1579 2577 1675 2617 241.

179 2636 274 2677 342.
308 2641 345 2687 5,
378 2638 472 2679 271.
505 2638 543 2690 6,
579 2639 669 2678 194.
712 2640 805 2680 478.
840 2639 875 2691 8,
910 2639 975 2679 46.
1012 2639 1074 2691 13,
1108 2639 1172 2690 79,
1214 2637 1475 2692 μαιμώωντι
1513 2644 1546 2693 1,
1580 2642 1673 2682 620·

428 2732 432 2737 .
502 2711 518 2737 ι
