1803 3230
704 237 758 272 De
783 237 933 272 diectasi
955 236 1146 272 homerica.
1603 236 1678 275 161

182 352 486 396 demonstrent.
532 352 793 406 Saepissime
824 352 937 394 enim
968 356 1010 394 et
1039 352 1083 393 in
1114 366 1241 406 prosa
1270 353 1460 394 oratione
1492 358 1534 395 et
1564 354 1680 406 apud

181 422 337 471 poetas·
360 418 552 460 vocalem
574 430 668 460 eam
690 416 933 460 invenimus
963 415 1225 472 productam,
1259 430 1384 473 quam
1414 417 1557 474 priore
1578 421 1681 462 tem-

180 496 283 537 pore
311 484 479 539 spirans
509 484 860 536 subsequebatur.

292 549 432 603 Atque
470 547 653 603 primum
691 547 862 602 quidem
902 548 945 590 in
991 547 1057 590 his
1101 547 1207 603 ipsis
1250 547 1392 591 verbis
1437 549 1679 599 contractis,

179 613 234 657 de
272 614 423 668 quibus
461 613 650 666 agimus,
698 613 918 667 productio
957 626 1088 667 saepe
1128 613 1404 667 agnoscenda
1443 619 1518 656 est.
1579 615 1678 656 Non

177 678 302 720 aliter
340 677 453 720 enim
492 677 699 731 explicari
743 682 922 732 possunt
959 678 1201 720 homericae
1239 677 1466 720 verborum
1505 678 1548 719 in
1589 694 1675 720 -οω

175 743 337 786 formae
351 743 565 797 integrae:
596 739 865 794 ὕπνώοντες,
891 741 1150 799 ἱδρώοντας,
1182 741 1411 799 ἱδρώουσα
1432 743 1538 794 sim„
1568 756 1678 797 quae

175 812 222 850 ut
242 811 609 862 conservarentur,
640 808 734 851 sine
754 808 883 852 dubio
904 808 1107 863 analogia
1126 808 1352 852 verborum
1381 806 1533 860 πλώω,
1566 808 1677 860 ζώω,

177 872 352 930 ῥώομαι
381 874 437 917 al.
468 873 725 929 adjuvabat,
766 874 811 917 in
848 875 979 919 verbo
1021 872 1170 931 ἱδρώω
1211 874 1393 918 fortasse
1423 873 1551 917 etiam
1583 875 1680 917 sub-

175 939 351 982 stantivi
396 937 531 994 ἱδρώς
575 940 790 995 analogia.
867 940 1042 983 Homeri
1090 944 1233 983 autem
1281 940 1516 983 imitatores
1567 939 1677 983 adeo

175 1003 431 1048 adamarunt
458 1005 581 1049 illam
612 1022 660 1061 ω,
701 1010 746 1049 ut
775 1019 863 1049 non
893 1005 1030 1048 solum
1062 1006 1181 1049 brevi
1213 1021 1249 1060 o,
1286 1005 1363 1049 sed
1394 1005 1524 1049 etiam
1555 1006 1677 1049 brevi

174 1086 204 1112 α
241 1071 466 1114 verborum
505 1071 550 1114 in
587 1088 677 1115 -αω
717 1071 1043 1124 substituerent,
1093 1070 1322 1114 formarum
1365 1071 1674 1115 homericarum

173 1134 397 1189 μνώοντο,
441 1141 685 1194 μνωομένῳ
716 1141 795 1180 cet.
808 1137 850 1187 ¹³)
897 1136 1099 1191 analogia
1144 1136 1324 1191 decepti.
1385 1136 1456 1180 Sic
1493 1135 1673 1190 μνώεο

174 1201 428 1256 Apollonius
458 1202 607 1245 habet:
644 1205 678 1254 1,
710 1204 805 1253 896,
839 1203 877 1255 3,
913 1203 1033 1244 1069.
1070 1204 1190 1244 1110.
1244 1200 1495 1255 ἐμνώετο
1529 1202 1672 1244 Nonn.

174 1266 226 1307 D.
263 1269 334 1319 15,
368 1268 463 1307 244.
507 1270 571 1320 16,
604 1269 681 1319 61,
732 1264 976 1319 μνώεται
1017 1266 1112 1307 Par.
1148 1267 1222 1316 16,
1254 1268 1331 1318 76,
1375 1264 1673 1320 ὁιψώουσα

174 1330 316 1374 Nonn.
356 1331 409 1373 D.
441 1333 516 1386 36,
551 1333 629 1374 199
674 1329 745 1387 (cf.
778 1328 1002 1386 ὄιψώωσα
1042 1333 1119 1384 48,
1153 1332 1256 1381 592,
1310 1330 1564 1385 ὄιψώοντες
1608 1334 1672 1384 13,

173 1399 276 1448 265,
330 1394 490 1451 διψώω
529 1398 623 1439 Par.
659 1399 731 1450 19,
777 1398 876 1449 149,
928 1394 1182 1438 πεινώοντα
1221 1395 1329 1450 Opp.
1366 1396 1464 1438 Hal.
1497 1400 1543 1450 5,
1585 1397 1673 1452 50),

174 1460 500 1518 ὃιψώουσαι
548 1461 712 1518 Tryph.
754 1462 858 1515 548,
910 1458 1278 1516 αὐχμώουσαν
1329 1461 1471 1505 Nonn.
1511 1463 1563 1505 D.
1605 1465 1673 1518 37,

173 1531 250 1571 421
286 1528 353 1579 (cf.
385 1526 648 1582 αὖχμώοντα
683 1530 752 1581 26,
787 1529 904 1581 197),
956 1525 1287 1569 λυσσώουσα
1318 1528 1459 1570 Nonn.
1492 1530 1559 1578 46,
1590 1530 1673 1570 320

172 1594 240 1646 (cf.
271 1592 521 1636 λυσσώωσα
552 1594 619 1644 48,
651 1594 746 1646 884,
784 1590 998 1634 λυσσώων
1030 1594 1096 1647 30,
1132 1594 1224 1635 134.
1266 1594 1333 1647 36,
1365 1594 1460 1644 449,
1500 1591 1675 1636 λυσσώ-

172 1676 298 1711 οντες
327 1659 517 1703 Maneth.
552 1661 587 1711 1,
620 1660 715 1712 244,
747 1656 997 1701 λυσσώοντι
1027 1658 1168 1701 Nonn.
1202 1661 1269 1712 30,
1303 1661 1369 1701 56.
1401 1661 1467 1712 40,
1502 1662 1586 1709 87).

285 1724 413 1767 Haud
456 1724 543 1766 scio
588 1737 644 1764 an
683 1723 790 1766 haec
830 1724 1001 1765 omnino
1040 1736 1127 1765 non
1164 1722 1390 1765 referenda
1435 1723 1520 1765 sint
1561 1724 1673 1767 inter

171 1790 304 1832 verba
352 1787 641 1843 circumflexa3
692 1792 863 1843 praeter
910 1788 1041 1831 verba
1090 1792 1204 1831 certe
1246 1788 1290 1831 in
1336 1803 1422 1829 -οω
1469 1790 1671 1833 exeuntia

172 1852 523 1910 &paim-,„Jsszvvo'co
562 1854 797 1909 posteriore
834 1858 1025 1908 tempore
1060 1854 1290 1897 extiterunt
1319 1854 1453 1896 verba
1482 1854 1526 1896 in
1555 1870 1666 1906 -ωω,

170 1933 279 1974 quae
308 1920 552 1974 analogiam
583 1920 888 1974 barytonorum
919 1917 1078 1972 πλώω,
1112 1917 1209 1970 ζώω
1241 1923 1386 1962 secuta
1416 1921 1669 1963 contractio-

169 1998 269 2033 nem,
296 1999 382 2027 non
413 1989 671 2038 paterentur.
733 1983 857 2035 Quod
887 1983 1119 2026 certissime
1149 1983 1418 2026 confirmatur
1442 1997 1510 2036 eo,
1553 1985 1668 2038 quod

170 2050 298 2093 etiam
328 2050 542 2092 Lucianus
572 2049 707 2091 forma
737 2046 894 2102 ἱδρώει
922 2047 1053 2090 utitur
1085 2047 1125 2089 d.
1158 2047 1198 2090 d.
1230 2048 1325 2103 Syr.
1362 2052 1424 2091 10.
1461 2052 1532 2104 17;
1566 2063 1667 2103 quo-

169 2129 264 2158 cum
284 2114 494 2157 consentit
514 2114 776 2156 Philemonis
797 2117 839 2156 et
859 2112 1064 2155 Planudis
1087 2112 1376 2155 testimonium
1398 2127 1424 2155 a
1444 2113 1666 2158 Lobeckio

169 2181 317 2225 Rhem.
350 2182 430 2223 213
462 2192 523 2234 sq.
554 2177 829 2233 adscriptum

282 2247 371 2298 Sed
400 2246 528 2289 etiam
558 2244 693 2298 magis
725 2257 851 2298 quam
878 2244 924 2287 in
945 2244 1011 2287 his
1033 2244 1246 2298 epicorum
1269 2245 1477 2299 exemplis
1500 2246 1665 2300 spiran—

167 2311 221 2354 tis
251 2312 316 2355 vis
346 2310 570 2367 perspicua
598 2314 663 2353 est
691 2309 735 2351 in
765 2309 871 2352 lesb.
903 2307 1086 2366 ποθήω,
1118 2306 1297 2367 ἀδικήει
1328 2307 1461 2364 (Curt.
1488 2310 1665 2367 „delph.

167 2377 360 2420 Inschr.“
382 2379 476 2427 221,
509 2376 664 2419 Gelbk.
696 2375 877 2429 „Stud.“
907 2376 964 2429 II,
996 2379 1063 2429 40,
1097 2375 1210 2417 Curt.
1240 2375 1419 2428 „Stud.“
1449 2375 1527 2430 ΙΙΙ,
1562 2377 1665 2433 388)

167 2446 294 2497 atque
313 2443 357 2485 in
381 2441 588 2497 delphicis
608 2455 635 2484 a
656 2440 799 2484 Curtio
821 2441 848 2483 1.
871 2454 905 2484 c.
937 2441 1146 2484 collectis:
1181 2438 1432 2497 συλήοντες,
1466 2439 1668 2485 ἀπαλλο-

261 2590 300 2629 ι3)
324 2590 428 2625 Hom.
454 2588 552 2624 verbi
574 2587 741 2635 μνάομαι
766 2588 1052 2631 (meminisse)
1076 2587 1155 2622 illas
1181 2589 1323 2622 tantum
1348 2587 1481 2624 formas
1510 2589 1664 2625 assimu-

165 2643 255 2678 latas
282 2654 363 2678 cum
389 2657 415 2677 ω
442 2648 605 2688 usurpat,
630 2654 718 2688 quas
744 2653 854 2687 supra
878 2643 995 2677 attuli.

237 2711 414 2741 Curtius,
438 2713 557 2738 Studien
577 2712 626 2737 VI.
1350 2702 1385 2732 ll
