1803 3230
178 280 257 321 142
482 323 485 326 .
838 281 1011 327 Mangold
1038 320 1043 326 ,

173 397 382 440 tionibus:
431 396 492 439 rei
531 395 767 439 difficultati
808 396 1046 441 cedendum
1077 397 1176 450 erit,
1223 395 1450 439 dummodo
1481 396 1667 439 omnium

173 462 407 506 rationibus
437 462 559 517 quasi
588 463 632 504 in
661 475 747 504 uno
768 467 998 518 conspectu
1027 463 1179 518 positis
1202 467 1482 516 accurateque
1511 461 1669 504 exami-

172 528 285 571 natis
330 531 518 571 nostram
569 527 825 572 sententiam
870 529 1077 584 majorem
1121 528 1281 571 habere
1324 525 1666 582 probabilitatem

173 607 299 647 quam
331 597 566 636 ceterorum
598 592 913 636 demonstrasse
942 592 1175 636 videamur.

286 659 336 701 ln
357 659 438 702 hoc
458 671 559 711 vero
581 657 790 711 examine,
822 662 869 700 ut
899 673 976 713 par
998 664 1072 712 est,
1105 661 1159 703 ab
1181 658 1433 713 antiquitate
1455 655 1664 710 exordior,

172 737 430 778 quamquam
468 723 524 766 ad
563 722 764 766 diectasis
802 728 998 766 naturam
1038 726 1146 769 bene
1189 721 1525 778 intellegendam
1571 734 1665 763 eam

172 788 279 831 nihil
310 789 456 832 valere
482 789 573 844 jam
593 787 795 830 indicavi.
835 788 1007 831 Illorum
1031 795 1172 833 autem
1193 796 1428 845 temporum
1458 800 1666 842 gramma-

172 854 244 897 tici
282 868 376 897 cum
407 850 586 898 in’aliis
616 854 813 907 vocibus,
846 868 880 897 e.
912 868 952 909 g.
983 856 1027 897 in
1060 854 1206 911 φόως,
1246 855 1449 904 θόωκος,
1495 856 1665 903 θέειον,

171 925 258 961 tum
289 921 334 961 in
364 919 505 962 verbis
535 920 760 963 contractis
791 921 835 963 in
865 937 954 963 -aw
978 922 1269 966 desinentibus
1300 918 1505 963 diectasin
1535 930 1665 972 agno-

171 988 344 1027 verunt:
394 985 470 1028 sed
508 986 581 1028 alii
620 986 745 1028 aliter
782 986 881 1029 illas
921 986 1077 1030 formas
1121 988 1337 1041 explicare
1374 983 1514 1026 conati
1554 988 1664 1024 sunt.

171 1052 228 1093 Ut
272 1050 582 1104 explicationes
625 1051 764 1091 minus
809 1050 929 1091 tritas
974 1053 1162 1093 omittam
1208 1074 1263 1079 ——
1312 1049 1430 1090 velut
1466 1045 1661 1088 Eustath.

171 1119 236 1170 30,
260 1119 327 1169 40,
360 1114 430 1169 qui
452 1117 746 1168 παρενθέσει,
778 1117 909 1159 schol.
942 1117 1041 1159 Hes.
1068 1114 1178 1171 Opp.
1205 1117 1297 1167 179,
1330 1113 1399 1168 qui
1422 1109 1661 1167 προςθήκῃ

166 1182 264 1222 illas
295 1180 519 1222 verborum
550 1180 707 1221 formas
739 1193 762 1222 e
791 1182 1019 1223 contractis
1048 1181 1204 1234 factas,
1235 1179 1367 1221 schol.
1397 1176 1439 1221 Ξ
1466 1177 1561 1228 229,
1594 1175 1663 1229 qui

163 1242 319 1286 Ἀθόω
349 1257 496 1287 vocem
527 1243 803 1299 παρεκτάσει
836 1251 1050 1303 ποιητικῇ
1082 1259 1135 1289 ex
1161 1242 1286 1288 Ἄθω
1319 1243 1540 1286 dilatatam
1568 1253 1664 1284 esse

166 1310 276 1363 vult,
315 1334 370 1339 —
417 1309 576 1363 duplex
621 1312 864 1354 anomaliae
904 1312 1084 1354 traditur
1122 1310 1330 1353 definitio:
1380 1307 1506 1350 modo
1549 1306 1662 1349 enim

166 1376 517 1429 pleonasmus
548 1375 817 1429 poeticus,
864 1376 991 1419 modo
1022 1375 1294 1418 diaeresis
1325 1374 1394 1416 vel
1426 1372 1662 1427 dialysis

166 1444 352 1482 vocatur.

278 1505 418 1558 Atque
457 1505 616 1559 primus
655 1504 895 1548 audiendus
936 1512 1001 1549 est
1038 1505 1377 1548 Herodianus
1418 1502 1484 1554 (cf.
1515 1502 1660 1545 Lentz.

165 1569 297 1623 praef.
327 1569 500 1620 XCIII),
561 1572 603 1613 Is
641 1571 697 1613 ad
738 1571 991 1613 vocabulum
1038 1569 1165 1627 φόως
1210 1568 1510 1623 explicandum
1556 1568 1661 1610 haec

164 1634 323 1689 profert
354 1635 424 1688 (II,
458 1637 538 1677 307
571 1636 657 1684 L.):
689 1634 977 1689 πλεονασμὸν
1009 1634 1160 1678 ἔπαθε
1192 1633 1242 1677 τὸ
1275 1632 1401 1691 φόως
1430 1629 1458 1690 ἢ
1491 1632 1661 1687 διαίρε-

166 1715 260 1750 σιν;
280 1700 355 1741 καὶ
376 1703 420 1742 τί
438 1700 648 1757 διαφέρει
665 1700 888 1755 διαίρεσις
910 1701 1218 1754 πλεονασμοῦ,-
1241 1698 1309 1741 ὅτι
1326 1696 1348 1740 ὁ
1366 1698 1446 1751 μὲν
1467 1698 1660 1739 πλεονα-

165 1763 278 1817 σμὸς
308 1762 385 1806 τὸν
418 1763 586 1807 οἰκεῖον
607 1764 736 1807 τόνον
760 1764 988 1822 φυλάττει,
1021 1763 1148 1821 ὥρων
1168 1764 1334 1819 ἑώρων,
1367 1761 1526 1820 ἥνδανε
1559 1761 1660 1819 ἑήν-

163 1828 290 1872 δανε·
331 1828 381 1870 τὸ
415 1828 462 1872 δὲ
496 1829 623 1887 φόως
654 1829 813 1886 ἐπειδὴ
847 1829 924 1873 τὸν
957 1820 1123 1873 οἰκεῖόν
1153 1829 1284 1873 τόνον
1316 1826 1394 1871 οὐκ
1426 1826 1656 1883 ἐφύλαξεν,

162 1892 369 1951 δηλονότι
416 1894 638 1949 διαίρεσιν
685 1894 874 1938 ἔπαθεν.
935 1895 995 1937 Cf.
1037 1896 1164 1938 etiam
1206 1895 1269 1946 II,
1311 1895 1363 1935 49
1413 1892 1560 1943 (schol.
1600 1892 1656 1934 ad

143 1961 198 2001 -Ε
227 1961 340 2010 256),
374 1961 427 2001 62
460 1960 531 2011 (ad
568 1963 606 2003 Θ
639 1963 750 2011 557),
790 1965 867 2004 104
901 1960 972 2012 (ad
1002 1964 1041 2002 P
1067 1963 1148 2013 65),
1186 1963 1263 2001 142
1296 1958 1366 2012 (ad
1389 1974 1408 2000 ε
1436 1959 1542 2006 129),
1577 1961 1655 1999 144

159 2023 231 2072 (ad
263 2039 282 2066 ε
316 2026 427 2077 377),
461 2027 542 2069 308
575 2025 645 2077 (ad
668 2028 707 2067 E
726 2028 838 2076 326).
900 2025 1104 2081 Ejusdem
1137 2024 1330 2067 doctrina
1361 2036 1657 2065 commemora-

111 2090 115 2093 “
157 2092 226 2130 tur
262 2089 306 2130 in
352 2090 401 2131 E.
433 2090 486 2131 M.
533 2093 635 2144 614,
678 2094 732 2133 34
788 2093 868 2144 (ΙΙ,
920 2094 998 2133 172
1038 2092 1124 2142 L.),
1172 2102 1350 2143 quacum
1388 2088 1657 2129 consentiunt

157 2153 305 2207 Steph.
348 2153 451 2208 Byz.
492 2158 596 2208 404,
640 2160 663 2197 5
716 2156 795 2206 (ΙΙ,
845 2158 926 2198 308
968 2156 1052 2208 L.),
1104 2156 1153 2197 Ε.
1194 2154 1248 2196 Μ.
1291 2154 1385 2205 637,
1428 2153 1479 2193 39
1531 2150 1653 2206 (Lob.

158 2218 307 2261 Rhem.
342 2217 454 2275 187).

270 2283 356 2327 Sed
396 2284 688 2338 Herodianus,
729 2285 861 2328 solius
900 2290 1099 2329 accentus
1138 2284 1308 2326 illorum
1354 2284 1683 2345 vocabulorum-

156 2348 320 2392 ratione
351 2349 500 2393 habita
537 2363 726 2405 praeque
757 2363 808 2393 eo
839 2351 990 2393 ceteris
1021 2351 1216 2393 omnibus
1247 2349 1472 2403 neglectis,
1517 2349 1656 2392 minus

157 2414 268 2456 bene
309 2414 530 2470 διαίρεσιν
569 2416 689 2457 illam
728 2416 988 2458 anomaliam
1029 2415 1150 2458 dicit:
1203 2415 1284 2457 hac
1331 2415 1443 2457 enim
1482 2415 1654 2459 notione

157 2492 183 2520 a
227 2479 376 2521 ceteris
419 2481 507 2523 alia
557 2480 769 2534 quaedam
819 2481 1037 2523 anomalia
1085 2479 1402 2533 significabatur
1451 2480 1517 2522 (cf.
1548 2481 1653 2523 Lob.

156 2544 306 2585 Rhem.
345 2547 458 2598 188),
500 2546 663 2588 scilicet
694 2558 766 2599 ea,
800 2558 883 2599 qua
913 2546 1068 2600 longae
1097 2544 1268 2588 vocales
1298 2545 1366 2587 vel
1399 2544 1653 2601 diphthongi

157 2608 334 2651 duarum
385 2611 593 2653 vocalium
643 2611 941 2666 complexione
1000 2615 1118 2653 ortae
1166 2610 1210 2651 in
1261 2611 1450 2664 singulas
1509 2625 1652 2655 rursus

156 2675 328 2717 vocales
377 2674 742 2731 dissolvebantur,
803 2690 838 2719 e.
884 2689 923 2730 g.
979 2675 1130 2718 δέελον
1182 2674 1362 2719 diaeresi
1416 2689 1468 2719 ex
1519 2675 1651 2734 δῆλον

1788 300 1798 374 ξ

1789 375 1803 621 3

1794 691 1803 792 ξ’
