1803 3230
170 256 187 294 1
196 256 220 293 4
227 256 250 295 8
837 254 1008 300 Mangold

222 385 252 458 [ic
304 407 380 446 95:
413 406 548 448 αὐτοῦ
583 406 627 448 δ’
664 407 803 462 ι’χθυᾷ
835 405 1058 448 σκόπελον
1090 419 1424 461 περιμαιμωσα.

280 485 384 537 Quis
416 491 492 541 est,
525 487 597 541 qui
626 486 671 529 in
702 487 769 530 his
799 500 998 530 versuum
1018 488 1218 531 monstris
1239 487 1366 530 etiam
1397 454 1667 529 hexametros

164 549 402 605 agnoscat?

280 617 391 658 Tum
421 631 524 661 vero
554 631 629 660 cur
655 617 760 660 illae
779 622 942 661 tantum
964 618 1136 661 vocales
1156 619 1281 661 trium
1311 630 1522 660 morarum
1552 630 1667 660 men-

165 698 308 728 suram
339 682 597 727 servarunt?
629 682 778 737 quidni
809 683 936 726 etiam
962 683 1105 726 aliae?
1146 684 1311 739 Nempe
1333 699 1358 740 ῃ
1383 686 1424 726 et
1445 699 1479 739 ῳ
1501 694 1668 737 semper

166 750 462 798 contractione
500 748 685 804 quadam
725 751 852 792 trium
891 763 1102 793 morarum
1141 754 1239 792 sunt
1277 749 1473 804 effectae3
1520 747 1667 803 quidni

169 830 270 871 ergo
301 816 422 871 λυέῃ,
455 818 655 871 νικησὲῃ,
689 812 848 872 ὀῳὸέῃ,
880 813 1173 870 ἀνθρωπόῳῬ

284 880 527 925 Mehlhorni
558 884 600 923 et
629 880 764 923 Sonni
803 881 1041 924 sententiae
1080 893 1173 922 cum
1206 880 1300 934 jam
1339 879 1497 921 dudum
1537 879 1667 926 (illius

169 962 208 990 a.
235 949 355 995 1845,
387 945 516 999 hujus
544 959 582 987 a.
608 948 732 995 1864)
763 946 922 1000 publici
947 946 1057 1000 juris
1087 945 1225 987 factae
1254 945 1351 995 sint,
1382 945 1521 997 miror,
1555 945 1667 998 quod

171 1010 505 1055 Bertholdus
547 1010 793 1062 Suhlius,
846 1012 916 1064 qui
955 1010 1196 1064 nuperrime
1234 1022 1273 1051 a.
1319 1011 1426 1051 1872
1467 1008 1667 1052 diectasis

169 1082 367 1120 naturam
399 1076 617 1130 explicare
647 1075 827 1129 studuit,
868 1075 1060 1118 libellum
1099 1089 1220 1118 suum
1255 1074 1491 1129 inscripsit:
1542 1074 1668 1127 „eine

169 1154 305 1185 neue
335 1142 583 1194 Erklarung
614 1139 689 1182 der
719 1153 865 1194 sogen.
896 1140 1099 1194 epischen
1130 1139 1459 1194 Zerdehnung.“
1509 1139 1668 1184 Videas

169 1220 299 1261 quam
331 1206 386 1249 sit
416 1205 599 1249 eadem
630 1205 737 1248 haec
767 1219 880 1248 nova
912 1205 1139 1260 explicatio
1168 1218 1219 1247 ac
1248 1204 1489 1247 Mehlhorni
1518 1206 1667 1249 Sonni-

170 1285 275 1326 que:
307 1272 425 1325 „Der
447 1270 577 1312 durch
599 1269 872 1312 Contraction
895 1270 1176 1312 entstehende
1200 1271 1334 1312 Eine
1354 1283 1487 1323 ganz
1509 1271 1669 1325 lange

169 1337 307 1380 Vocal
338 1336 475 1379 reicbt
494 1336 564 1379 bei
584 1336 742 1378 Homer
771 1335 888 1378 nicht
908 1349 989 1377 nur
1011 1335 1076 1377 fiir
1098 1334 1166 1378 die
1187 1349 1267 1377 nur
1286 1335 1501 1378 acutische
1521 1336 1669 1391 Lange

168 1402 402 1445 fordernde
433 1401 566 1452 Arsis,
598 1400 784 1443 sondern
814 1400 922 1442 auch
945 1401 1055 1443 noch
1079 1401 1145 1442 fiir
1167 1400 1235 1442 die
1266 1400 1395 1443 halbe
1425 1401 1512 1442 und
1543 1415 1668 1444 wenn

169 1468 363 1511 Position
393 1466 612 1509 hinzutritt
641 1465 708 1507 fiir
739 1465 808 1509 die
838 1479 973 1520 ganze
1005 1466 1158 1509 Thesis
1189 1465 1326 1508 dazu
1356 1465 1476 1511 aus.“

284 1549 406 1600 Quae
435 1547 563 1601 igitur
595 1546 648 1589 de
677 1548 817 1590 vocali
847 1548 932 1590 ista
962 1548 1089 1589 valde
1128 1547 1334 1601 producta
1359 1552 1509 1589 >contra
1538 1549 1669 1591 Mehl-

169 1614 367 1656 hornium
399 1618 441 1655 et
471 1612 679 1655 Sonnium
710 1612 887 1668 protuli,
926 1616 1074 1654 contra
1103 1612 1297 1654 Suhlium
1328 1626 1492 1666 quoque
1522 1613 1669 1668 dispu-

168 1683 261 1721 tata
291 1682 401 1720 sunt.
463 1677 549 1720 Sed
582 1678 706 1719 aliter
736 1677 805 1719 hic
836 1677 1091 1719 sententiam
1122 1690 1243 1718 suam
1274 1677 1465 1720 stabilire
1494 1683 1669 1721 conatus

170 1748 235 1786 est
265 1747 394 1797 atque
425 1742 502 1784 illi.
554 1741 850 1784 Differentiam
874 1742 988 1785 enim
1019 1741 1283 1784 intercedere
1314 1743 1530 1786 contendit
1559 1744 1671 1787 inter

168 1810 323 1863 longas
353 1809 527 1851 vocales
557 1812 706 1850 acutas
738 1812 779 1850 et
810 1807 1101 1850 circumflexas
1132 1820 1248 1860 eam,
1289 1811 1335 1849 ut
1366 1821 1400 1849 e.
1432 1822 1471 1863 g.
1503 1808 1553 1851 τὸ
1585 1814 1668 1866 κῆρ

167 1875 406 1928 longiorem
445 1874 625 1916 haberet
665 1890 689 1929 η
723 1887 849 1927 quam
890 1870 915 1929 ἡ
949 1872 1053 1929 κήρ,
1094 1871 1160 1923 εἷς
1200 1873 1433 1926 longiorem
1475 1890 1515 1916 ει
1545 1889 1669 1929 quam

169 1940 248 1990 εἵς.
310 1939 448 1991 Quam
488 1939 745 1982 sententiam
797 1938 994 1993 (primum
1038 1939 1251 1993 prolatam
1281 1939 1325 1980 in
1364 1939 1455 1993 ejus
1492 1953 1669 1994 gramm.

168 2020 230 2060 gr.
269 2005 313 2047 in
355 2018 417 2047 us.
458 2005 590 2047 schol.
632 2003 699 2046 ed.
731 2005 833 2058 Lps.
870 2006 990 2055 1870,
1030 2018 1070 2058 p.
1104 2006 1144 2055 3)
1195 2004 1334 2047 facere
1373 2019 1459 2047 non
1497 2020 1669 2060 possum

169 2070 270 2124 quin
301 2070 668 2123 perversissimam
700 2082 913 2112 censeam.
955 2068 1060 2111 Cum
1091 2069 1278 2111 rationes
1309 2069 1365 2111 ad
1396 2072 1669 2124 comproban-

172 2135 270 2177 dum
324 2135 539 2177 decretum
588 2149 710 2177 suum
757 2135 900 2177 nullas
949 2134 1170 2177 nobiscum
1218 2135 1558 2190 communicarit,
1610 2151 1671 2180 re-

169 2201 306 2243 futare
337 2200 616 2254 supersedere
646 2201 944 2254 potuissemus.
1005 2200 1091 2243 Sed
1122 2214 1216 2242 cum
1248 2199 1483 2242 verendum
1514 2202 1586 2254 sit,
1618 2217 1671 2246 ne

169 2279 246 2321 pro
289 2266 410 2308 falsis
450 2265 504 2308 de
545 2270 723 2307 accentu
760 2278 915 2319 graeco
957 2265 1229 2319 opinionibus
1259 2266 1520 2319 pervulgatis
1551 2267 1671 2310 Subli

169 2326 251 2373 ista
291 2330 534 2374 differentia
572 2331 717 2373 multis
756 2329 968 2384 arrideat,
1014 2331 1161 2385 paullo
1201 2329 1359 2373 diutius
1397 2331 1441 2372 in
1480 2345 1531 2374 ea
1569 2333 1671 2376 mihi

173 2396 519 2439 commorandum
551 2409 645 2439 esse
675 2395 835 2450 putavi.

288 2462 348 2503 Ac
387 2462 569 2516 primum
609 2460 781 2515 quidem
822 2485 877 2490 ——
915 2465 960 2502 ut
991 2460 1202 2513 omittam,
1243 2465 1410 2504 veteres
1451 2461 1503 2505 de
1533 2463 1672 2507 istius·

173 2525 289 2569 modi
329 2525 569 2582 differentia
614 2527 722 2569 nihil
763 2530 1026 2582 compertum
1074 2526 1274 2569 habuisse
1323 2550 1377 2556 —-
1428 2541 1583 2582 magno
1616 2530 1673 2572 -in

175 2604 317 2634 errore
363 2598 574 2645 versatur,
625 2595 695 2646 qui
735 2592 869 2647 ipsius
908 2596 1109 2634 accentus
1150 2592 1191 2633 vi
1232 2592 1446 2647 syllabam
1496 2594 1671 2647 produci

172 2669 299 2711 posse
330 2655 488 2699 credat.
538 2658 661 2712 Nam,
694 2672 788 2701 cum
815 2653 898 2700 ‘nos
929 2657 1133 2701 Germani
1163 2669 1257 2699 eam
1288 2658 1512 2712 syllabam,
1545 2673 1671 2714 quam
