1803 3230
701 252 756 287 De
781 250 932 286 diectasi
954 250 1145 286 homerica.
1597 246 1675 287 163

178 381 344 423 quoque
392 368 551 423 linguis
589 367 708 409 talia.
732 365 868 407 multa
905 370 1149 420 occurrunt,
1201 366 1251 408 cf.
1297 370 1467 421 praeter
1503 365 1675 419 Brugm.

177 432 388 478 Schleich.
421 433 599 488 Comp.³
630 436 697 486 30,
730 431 844 474 Curt.
875 431 1055 485 „Studf‘
1085 432 1141 485 H,
1178 434 1268 475 186.

291 500 454 553 Quibus
484 498 682 541 omnibus
711 497 920 553 reputatis
951 497 1143 540 dubitare
1173 512 1259 540 non
1289 512 1533 554 possumus,
1572 498 1675 552 quin

176 567 292 622 apud
323 568 553 609 Homerum
593 577 761 618 quoque
798 564 1020 619 productio
1051 580 1079 605 α
1108 564 1223 606 illius
1253 565 1478 606 verborum
1509 565 1553 606 in
1584 580 1674 605 -αω

176 632 377 688 spirantis
407 631 451 673 vi
481 630 633 673 effecta
662 630 738 684 sit,
781 643 921 684 neque
952 629 1220 682 mirabimur,
1272 629 1384 683 quod
1414 643 1551 684 pauca
1581 635 1676 672 tan-

173 703 263 740 tum
292 697 409 739 illius
439 695 729 750 productionis
755 696 954 750 exempla
981 695 1269 747 inveniuntur,
1303 707 1395 736 cum
1427 695 1553 736 etiam
1584 707 1676 736 ver-

173 763 324 805 borum
355 761 400 808 in
431 776 514 803 -εω
546 765 588 802 et
617 776 704 801 -οω
734 761 909 802 vocales
942 776 961 802 ε
985 765 1027 802 et
1048 776 1070 800 ο
1102 759 1218 814 apud
1248 758 1431 801 eundem
1461 760 1675 802 rarissime

174 826 474 882 producantur.

287 893 385 935 Jam
424 906 478 935 ex
517 892 579 934 eis
618 891 788 945 formis,
825 904 945 945 quae
976 906 1004 931 α
1036 891 1284 945 productam
1325 890 1506 943 habent,
1558 895 1675 933 ortae

174 961 272 1000 sunt
313 958 633 1001 assimulatione
673 969 770 1011 eae,
824 969 934 1011 quae
971 956 1112 1011 priore
1150 957 1242 999 loco
1282 958 1309 997 ἃ
1346 956 1416 998 vel
1448 971 1482 996 ω
1515 956 1676 999 habent

176 1016 424 1080 (μενοινάᾳ,
454 1021 727 1077 μενοινώω);
760 1036 813 1065 ex
844 1023 905 1065 eis
934 1026 1091 1074 autem,
1124 1035 1232 1075 quae
1252 1038 1279 1062 α
1300 1027 1549 1076 correptam,
1583 1036 1674 1074 eae,

175 1101 283 1141 quae
313 1088 454 1141 priore
490 1089 583 1130 loco
614 1087 642 1128 ἇ
672 1087 742 1128 vel
774 1102 796 1127 0
836 1086 998 1129 habent
1038 1086 1344 1136 (ναιετάασκε,
1378 1083 1562 1141 ὁρόων);
1613 1088 1675 1128 ita

173 1157 220 1195 ut
247 1153 354 1195 haec
383 1153 568 1196 varietas
599 1151 847 1206 quantitatis
877 1152 1035 1205 optime
1057 1165 1080 1195 e
1100 1166 1281 1207 graecae
1301 1152 1474 1206 linguae
1495 1153 1673 1195 historia

173 1218 447 1272 intellegatur
477 1223 605 1271 atque
637 1221 874 1260 excusetur.

775 1394 941 1444 CAPUT
976 1396 1061 1444 IV.

331 1511 408 1553 DE
439 1508 812 1553 POSTERIORIS
845 1508 1085 1552 VOCALIS
1117 1509 1508 1562 QUANTITATE.

287 1613 420 1654 Multo
463 1626 565 1656 vero
612 1611 830 1655 difficilior·
867 1611 1102 1667 dijudicatu
1148 1617 1212 1656 est
1255 1613 1446 1667 quaestio
1498 1613 1552 1657 de
1601 1629 1674 1670 po-

173 1679 362 1721 sterioris
405 1679 567 1721 vocalis
606 1678 855 1732 quantitate.
917 1678 1027 1720 Nam
1064 1679 1170 1721 haec
1209 1692 1374 1733 quoque
1412 1680 1539 1722 modo
1580 1695 1672 1735 pro-

155 1741 303 1786 'ducta
332 1741 571 1799 (ὃρόωντα,
616 1739 795 1799 ὁράᾳς),
846 1743 973 1785 modo
1003 1743 1145 1786 brevis
1178 1742 1418 1797 (μνώοντο,
1459 1743 1671 1798 εὖχετοὲἇ-

175 1812 303 1858 σθαι,
334 1810 362 1850 ἄ
392 1822 415 1851 6
445 1809 602 1851 testim.
633 1809 880 1859 Aristarchi,
913 1808 1055 1850 Schol.
1087 1812 1128 1849 K
1158 1812 1255 1858 466)
1285 1810 1512 1853 invenitur.

286 1874 465 1916 Veteres
494 1873 667 1928 quidem
697 1873 808 1915 hanc
838 1873 1089 1926 quantitatis
1119 1873 1370 1917 varietatem
1409 1876 1553 1918 mirari
1584 1890 1669 1918 non

171 1943 412 1995 potuerunt,
444 1940 515 1993 qui
534 1941 580 1981 in
602 1935 798 1994 ὁρόωντο
820 1939 994 1982 brevem
1015 1940 1206 1981 vocalem
1231 1940 1387 1994 longae
1416 1942 1667 1996 pleonasmo

171 2003 424 2059 praefixam,
472 2005 517 2046 in
557 2003 757 2057 μνώοντο
797 2009 938 2047 autem
977 2004 1213 2047 subnexam
1253 2010 1464 2060 putarent.
1524 2007 1669 2051 Goett-

170 2070 329 2124 lingius
358 2070 518 2124 primus
548 2083 641 2111 cum
671 2070 714 2111 in
750 2070 832 2112 hac
861 2070 1166 2124 explicatione,
1212 2074 1301 2112 tum
1340 2071 1383 2113 in
1424 2072 1502 2114 illa
1533 2075 1669 2116 varie-

171 2140 259 2178 tate
280 2134 469 2188 offendit.
510 2135 658 2188 Neque
678 2148 779 2177 vero
800 2135 978 2188 contigit
999 2135 1054 2187 ei,
1088 2140 1133 2176 ut
1162 2134 1452 2178 difficultatem
1484 2139 1669 2181 tolleret.

173 2202 238 2244 De
269 2196 467 2256 ὁρόωντα
498 2200 589 2243 sim.
622 2200 735 2243 enim
765 2201 875 2243 nihil
907 2201 1009 2243 dicit
1028 2201 1110 2243 nisi
1140 2214 1317 2244 necesse
1348 2215 1455 2254 esse,
1487 2205 1667 2247 alteram

172 2266 369 2320 produci,
414 2267 441 2308 1.
474 2280 508 2308 c.
543 2269 635 2308 101.
695 2265 818 2317 Quod
859 2271 999 2309 autem
1041 2266 1094 2308 de
1134 2266 1278 2308 formis
1323 2268 1366 2309 in
1412 2285 1538 2324 -αᾳς,
1584 2286 1668 2326 -αᾳ

173 2332 424 2376 exeuntibus
463 2331 608 2374 scribit
644 2331 753 2375 haec
788 2346 829 2387 p.
862 2334 936 2375 97:
987 2345 1092 2385 „aus
1133 2332 1293 2375 diesem
1333 2331 1539 2386 εὖχετάαι
1578 2336 1668 2378 und

172 2394 403 2449 εὖχετάαις
442 2397 549 2439 wird
588 2396 719 2439 durch
750 2397 1022 2440 Contraction
1059 2398 1135 2441 des
1165 2399 1482 2452 umgelauteten
1512 2401 1669 2444 Binde·

170 2462 316 2506 vocals
346 2463 422 2505 mit
451 2462 548 2506 dem
580 2479 596 2504 ι
626 2462 702 2506 der
731 2462 918 2519 Endung
949 2462 1135 2521 εὐχετάᾳ
1164 2464 1252 2506 und
1282 2461 1539 2523 εὗχετάᾳς,“
1574 2482 1668 2522 pro-

170 2527 262 2569 bari
301 2542 388 2570 non
426 2532 577 2582 potest.
637 2528 807 2571 Deinde
838 2529 926 2571 Leo
956 2530 1151 2584 Meyerus
1191 2530 1244 2571 de
1276 2529 1398 2583 justa
1434 2532 1668 2585 productae

170 2593 331 2636 vocalis
362 2593 649 2649 explicatione
681 2593 915 2650 desperans
946 2608 1020 2650 pro
1053 2591 1273 2651 ὃρόωντα,
1306 2593 1497 2653 ὁρόῳτε,
1540 2595 1664 2652 εὔχε-

167 2658 346 2716 τοῴμην
368 2660 594 2703 scribenda
615 2674 708 2704 esse
729 2666 873 2703 censet
904 2658 1105 2715 ὅρόοντα,
1138 2657 1330 2717 ὃρόοιτε,
1364 2660 1664 2720 εὖχετοοίμην.

461 2738 464 2742 »
1327 2730 1394 2763 11*
