1803 3230
774 788 940 838 CAPUT
977 790 1013 837 I.

117 916 217 957 ,ΕΑ
258 914 412 966 QUAE
450 913 529 955 AD
569 912 989 956 EXPLICANDAM
1029 912 1326 956 DIECTASIS
1358 914 1638 958 NATURAM

304 978 501 1022 ADHUC
531 977 795 1022 PROLATA
827 978 980 1023 SUNT
1011 979 1047 1020 A
1078 978 1230 1022 VIRIS
1264 977 1466 1022 DOOTIS
1498 1003 1500 1006 ·

674 1043 1109 1087 REGENSENTUR.

256 1140 504 1184 Homericae
534 1141 706 1184 dialecti
737 1154 830 1184 eam
861 1141 1132 1194 anomaliam,
1166 1154 1250 1195 qua
1277 1141 1420 1183 multis
1450 1141 1495 1183 in
1526 1141 1636 1184 voci-

143 1207 234 1257 bus,
267 1206 301 1247 si
333 1206 501 1259 quidem
533 1220 606 1249 eas
637 1219 730 1247 cum
760 1206 904 1247 formis
935 1207 1061 1248 attico
1082 1219 1276 1249 sermone
1307 1207 1495 1260 probatis
1525 1220 1635 1248 com-

115 1277 121 1298 ῑ
144 1284 363 1325 paramus,
410 1271 565 1325 longae
606 1270 745 1313 vocali
789 1272 857 1314 vel
907 1270 1171 1326 diphthongo
1216 1272 1358 1314 brevis
1396 1272 1465 1314 vel
1506 1272 1636 1326 longa

144 1335 336 1389 ejusdem
382 1336 550 1388 generis
594 1336 755 1378 vocalis
802 1336 892 1378 sive
941 1336 1132 1390 praefixa
1174 1337 1264 1379 sive
1306 1337 1499 1379 subnexa
1542 1350 1635 1380 esse

143 1400 331 1453 videtur,
371 1400 490 1442 multi
523 1405 563 1443 et
594 1400 705 1443 docti
744 1401 937 1443 homines
974 1414 1068 1443 cum
1099 1401 1362 1455 antiquitatis
1392 1407 1477 1444 tum
1511 1402 1637 1457 hujus

144 1466 305 1509 saeculi
334 1466 550 1520 explicare
580 1466 719 1509 conati
751 1470 863 1508 sunt.
916 1466 1101 1519 Quorum
1131 1467 1196 1509 illi
1228 1467 1411 1521 quidem,
1444 1468 1515 1521 qui
1545 1481 1636 1523 per-

143 1532 277 1574 versis
308 1531 362 1573 de
392 1532 565 1586 linguae
603 1536 755 1574 natura
786 1532 1056 1587 opinionibus
1088 1532 1273 1575 devincti
1312 1546 1365 1575 ex
1394 1533 1521 1575 attico
1553 1546 1637 1576 ser-

143 1611 269 1640 mone
309 1598 452 1640 omnia
492 1598 723 1652 explanare
762 1598 1006 1652 voluerunt,
1057 1602 1103 1640 ut
1150 1598 1193 1640 in
1234 1599 1384 1641 ceteris
1425 1598 1638 1653 ejusmodi

143 1662 462 1716 quaestionibus
492 1664 578 1705 fere
609 1662 825 1714 omnibus,
868 1664 930 1704 ita
967 1663 1011 1704 in
1043 1663 1168 1717 hujus
1208 1664 1449 1706 anomaliae
1486 1669 1640 1706 natura

145 1727 389 1771 definienda
426 1742 513 1771 non
552 1741 693 1772 errare
730 1741 816 1771 non
853 1732 1092 1784 potuerunt.
1152 1728 1289 1783 Hujus
1335 1742 1436 1772 vero
1485 1729 1639 1773 aetatis

143 1794 366 1848 philologi,
397 1799 622 1847 postquam
654 1794 829 1836 duorum
859 1794 1066 1848 imprimis
1092 1793 1276 1836 virorum
1307 1794 1532 1836 illustrium
1555 1800 1638 1837 stu-

144 1858 225 1900 diis
252 1859 508 1912 meritisque,
541 1858 756 1901 Francisci
777 1858 915 1913 Boppi
945 1863 987 1901 et
1005 1858 1154 1901 Jacobi
1177 1859 1366 1913 Grimmi,
1398 1858 1455 1901 ad
1485 1872 1636 1902 sanum

137 1922 344 1977 judicium
378 1923 431 1965 de
460 1924 633 1978 linguae
663 1929 816 1966 natura
850 1929 976 1977 atque
1014 1924 1158 1966 indole
1195 1924 1387 1978 perducti
1427 1929 1545 1977 sunt,
1592 1930 1637 1966 ut

144 1988 315 2029 omnino
346 1988 586 2031 homericae
618 1988 788 2031 dialecti
812 2000 920 2042 quae
952 1994 1065 2031 esset
1095 1988 1286 2030 condicio
1317 1989 1453 2042 magis
1483 1989 1638 2043 magis-

144 2066 225 2107 que
255 2057 555 2107 cognoverunt,
587 2053 648 2095 ita
679 2052 805 2096 etiam
835 2053 879 2094 in
911 2065 973 2105 ea,
1014 2053 1067 2095 de
1097 2066 1181 2106 qua
1209 2066 1322 2095 nunc
1351 2054 1502 2107 agitur,
1535 2068 1637 2097 ano-

145 2118 274 2161 malia
311 2117 569 2174 explicanda
605 2119 784 2162 multum
821 2118 1103 2174 profecerunt.
1163 2118 1250 2161 Sed
1287 2119 1432 2162 variae
1471 2132 1498 2161 a
1535 2120 1638 2164 viris

146 2184 281 2228 doctis
311 2189 352 2227 et
382 2198 507 2239 quam
538 2185 723 2228 maxime
753 2184 864 2228 inter
893 2198 939 2228 se
971 2185 1261 2240 discrepantes
1300 2185 1354 2227 de
1394 2198 1446 2228 ea
1484 2198 1529 2228 re
1562 2199 1637 2229 ex-

145 2250 397 2304 plicationes
427 2251 620 2305 prolatae
650 2255 768 2305 sunt3
799 2251 927 2292 immo
948 2251 1008 2293 ita
1029 2250 1239 2293 caecutire
1267 2250 1395 2293 etiam
1426 2251 1505 2293 hoc
1534 2256 1637 2294 tem-

97 2306 107 2315 ’
145 2328 248 2369 pore
285 2320 511 2371 potuerunt
545 2316 760 2370 nonnulli,
801 2320 847 2358 ut
885 2315 1028 2358 futiles
1066 2320 1254 2357 veterum
1285 2315 1520 2358 sententias
1550 2330 1638 2358 am-

145 2381 450 2435 plecterentur:
483 2395 612 2436 quare
641 2382 756 2424 haud
786 2382 935 2424 inutile
956 2382 1045 2424 fore
1074 2381 1233 2435 putavi,
1265 2379 1308 2421 in
1340 2393 1434 2423 eam
1465 2394 1639 2425 anoma-

145 2446 266 2500 liam,
315 2460 441 2501 quam
471 2448 599 2502 vulgo
632 2448 904 2491 dieetasin
943 2448 1184 2502 appellant,
1234 2445 1371 2489 denuo
1410 2446 1637 2501 inquirere.

146 2511 239 2563 Qua
267 2512 540 2566 inquisitione
561 2514 639 2556 etsi
659 2538 714 2543 —
736 2513 849 2567 quod
879 2518 965 2555 tam
987 2525 1116 2566 saepe
1145 2512 1189 2553 in
1220 2512 1285 2554 his
1316 2513 1639 2565 quaestionibus

147 2576 406 2620 diffie-illimis
436 2577 590 2620 accidit
633 2603 687 2607 —-
734 2593 819 2620 non
850 2578 906 2621 ad
938 2592 1032 2621 eum
1062 2576 1187 2619 finem
1226 2578 1548 2632 perveniemus,
1594 2584 1638 2621 ut

145 2641 356 2685 affirmare
393 2643 622 2698 possimus,
662 2643 753 2698 jam
793 2645 956 2686 nullum
991 2644 1129 2685 locum
1161 2642 1308 2686 datum
1348 2656 1442 2687 esse
1473 2643 1637 2686 dubita-
