1803 3230
670 211 725 246 De
750 210 900 247 diectasi
923 210 1116 246 homerica.
1562 205 1615 246 20
1628 207 1640 245 l

266 329 302 368 5.
355 326 585 369 Nomina
616 325 836 380 propria
865 324 916 367 in
947 323 1132 377 -κόων,
1164 323 1379 368 -κόωσα,

264 396 404 443 Λᾶο-,
435 395 597 447 Anum,
629 393 752 446 Δηϊ-,
780 386 1039 440 Ἱπποκόων,
1072 394 1213 439 Λᾶο-,
1247 383 1569 432 Ἱππο-κόωσα.

264 457 381 506 Haec
418 470 504 500 non
543 469 637 498 oum
668 454 878 498 Ahrensio
911 453 950 495 d.
983 453 1023 496 d.
1058 457 1109 497 86
1140 454 1240 496 adn.
1272 451 1309 497 8“
1339 459 1381 498 θῖ
1410 454 1646 499 Dietrichio

150 523 177 564 Ι.
210 536 244 565 c.
276 525 357 565 435
389 535 482 565 cum
512 521 738 576 participio
767 521 950 573 -κοάῳν,
990 519 1211 562 -κοάουσα
1242 522 1475 575 composita
1506 521 1648 564 existi-

150 588 309 630 manda
340 592 448 640 sunt,
481 585 558 629 sed
588 598 682 627 cum
717 585 867 627 Ebelio
899 584 952 627 K.
975 585 1019 626 Z.
1052 585 1123 635 IV,
1150 587 1242 638 158,
1275 584 1418 628 Curtio
1451 587 1516 628 El.
1548 587 1646 628 Et.3

154 657 246 706 145,
280 653 522 707 Brugmano
558 654 636 694 154
666 665 692 694 a
721 651 811 693 rad.
836 650 936 692 sleav
959 671 1013 683 ——-
1035 650 1280 704 „schauen“
1310 649 1556 705 derivanda,
1587 652 1648 694 ita

150 723 195 761 ut
239 718 374 760 forma
421 717 670 772 principalis
717 717 842 759 fuerit
889 732 1064 767 xafovz,
1114 716 1339 771 nasovvja.
1409 717 1445 758 E
1484 733 1646 758 καροντ

150 784 309 827 factum
341 787 405 826 est
436 798 618 832 nomm,
654 797 797 824 κοωντ
836 779 1027 837 (Brugm.
1065 781 1161 836 170)
1208 786 1302 835 aut,
1349 781 1462 836 quod
1500 782 1649 836 proba-

152 849 278 891 bilius
317 855 402 902 est‚
451 864 613 898 καωντ,
664 862 827 901 κοωντ;
875 847 1124 890 femininum
1163 863 1312 890 κοωσα
1352 847 1465 890 enim
1503 851 1649 889 natum

151 919 214 957 est
251 927 305 957 ex
349 914 569 964 nasonia,
616 927 830 964 namura,
879 927 1060 962 καουσα,
1108 928 1259 955 κοωσα
1306 910 1650 967 (assimulatione

150 980 376 1036 reciproca,
409 983 454 1022 ut
486 975 653 1035 ὃρόωσι
686 991 738 1022 ex
761 974 983 1034 ὁράουσι),
1015 991 1153 1033 neque
1185 991 1278 1020 cum
1300 977 1544 1032 Brugmano
1572 979 1649 1018 154

149 1047 256 1089 haec
300 1046 430 1089 series
477 1044 700 1099 mosomo,
752 1060 959 1096 mosoma,
1012 1061 1201 1096 κωονσα,
1254 1060 1443 1095 κοωνσα,
1496 1058 1649 1086 κοωσα

150 1111 379 1155 statuenda
408 1114 483 1165 est,
517 1111 615 1165 quia
638 1125 747 1152 ονσα
768 1110 901 1153 multo
933 1110 1053 1165 prius
1066 1109 1232 1154 Graeca
1260 1110 1408 1165 lingua
1437 1109 1481 1151 in
1512 1124 1649 1151 -ουσα

149 1177 329 1219 mutavit
359 1190 485 1230 quam
516 1189 696 1230 usquam
726 1176 1099 1230 transpositionem
1130 1175 1378 1229 quantitatis
1412 1188 1542 1230 passa
1572 1179 1648 1218 est.

149 1241 366 1284 Immerito
405 1245 545 1284 autem
577 1241 622 1283 L.
653 1240 849 1295 Meyerus
885 1241 938 1283 K.
970 1242 1015 1284 Z.
1046 1241 1109 1294 X,
1144 1243 1195 1283 53
1236 1238 1530 1297 Δημοκόοντα
1569 1244 1647 1283 cet.

150 1308 277 1350 scribi
302 1306 446 1360 jubet:
498 1306 707 1360 posterius
738 1322 772 1347 ω
806 1318 859 1348 ex
890 1322 942 1348 fo
974 1310 1078 1348 nata
1108 1311 1193 1360 est,
1226 1310 1271 1348 ut
1302 1318 1443 1360 saepe,
1476 1305 1647 1360 Brugm.

155 1375 231 1415 170
262 1384 353 1426 sqq.

265 1440 302 1480 6.
355 1435 527 1493 φόως,
562 1434 907 1493 φαάντατος,
941 1435 1192 1493 φαάνθη,
1229 1435 1415 1494 -φόων.

263 1503 329 1545 De
351 1501 477 1558 φόως
502 1501 593 1556 jam
616 1502 774 1544 dictum
806 1506 869 1545 est
898 1515 939 1556 p.
967 1504 1067 1557 1703
1100 1502 1249 1545 suffixo
1281 1518 1355 1552 -ος
1386 1515 1412 1544 a
1432 1502 1523 1544 rad.
1555 1517 1650 1558 qoem

152 1567 368 1611 derivatur
413 1567 542 1614 (Curt.
575 1567 640 1610 El.
673 1568 772 1610 Et.3
802 1569 913 1614 278).
981 1568 1029 1610 L.
1070 1568 1232 1623 Meyeri
1263 1568 1330 1620 (K.
1363 1568 1408 1610 Z.
1439 1567 1518 1620 IX,
1552 1569 1648 1619 389)

151 1633 368 1676 scribendi
407 1633 514 1675 ratio
557 1630 703 1687 (φάος)
751 1632 957 1675 refutatur
995 1633 1061 1676 his
1099 1634 1204 1676 locis
1242 1637 1292 1675 H
1321 1636 1395 1675 741
1434 1631 1559 1688 φόως
1599 1631 1649 1674 οὐ

150 1703 192 1742 et
222 1715 245 1740 τ
277 1701 329 1741 64
363 1695 489 1754 φίως
521 1696 638 1752 ἔμεν.

265 1762 454 1820 φώωςὸε
486 1764 599 1817 quod
628 1776 715 1805 non
745 1768 860 1806 recte
888 1767 940 1805 H
965 1766 1041 1807 188
1072 1763 1382 1817 Aristophanes
1404 1769 1446 1806 et
1467 1764 1648 1806 Aristar-

150 1829 253 1871 chus
273 1828 531 1882 scripserunt
558 1842 634 1883 pro
658 1827 866 1870 Zenodoti
886 1827 977 1883 πρὸ
1000 1826 1178 1885 φόωςὸε
1208 1826 1272 1878 (cf.
1289 1827 1449 1882 Spitzn.
1468 1827 1524 1870 ad
1547 1829 1587 1870 h.
1603 1828 1648 1876 l.)

149 1893 477 1947 explicationem
508 1906 594 1935 non
625 1894 775 1946 habet,
806 1893 889 1935 nisi
918 1893 1025 1935 forte
1056 1891 1266 1949 *φώοςόε
1297 1892 1445 1934 mavis.

264 1955 519 2014 φαάντατος
551 1973 572 1998 ν
604 1959 655 2000 93
698 1955 969 2014 (φαάντερος
1000 1971 1085 1999 non
1117 1961 1181 2000 est
1212 1971 1281 2012 ap.
1313 1955 1456 2012 Hom.)
1499 1969 1647 1999 secun·

153 2023 252 2065 dum
275 2022 429 2065 Buttm.
460 2024 485 2075 ἓ
507 2025 573 2075 65,
606 2021 704 2064 adn.
738 2025 759 2063 7
793 2022 1040 2065 distractum
1072 2027 1135 2065 est
1166 2035 1218 2065 ex
1250 2012 1475 2078 φάντατος
1506 2036 1650 2077 super-

151 2087 283 2130 lativo
324 2087 494 2141 positivi
540 2085 681 2143 φᾶνός
720 2100 795 2141 pro
836 2085 1035 2142 φαεινός.
1104 2089 1236 2131 Recte
1275 2087 1386 2142 quod
1425 2087 1482 2129 ad
1522 2088 1648 2142 posit.

153 2151 340 2211 φαεινός
388 2152 571 2204 rettulit3
622 2151 696 2195 sed
738 2157 882 2195 natum
928 2157 991 2197 est
1030 2151 1285 2209 φαάντατος
1326 2153 1650 2197 assimulatione

152 2233 204 2262 ex
263 2233 570 2276 φα-εν-τατος.
659 2217 820 2260 Eadem
879 2219 1142 2261 assimulatio
1201 2227 1302 2260 (non
1360 2220 1648 2272 pleonasmus,

151 2284 259 2326 Lob.
292 2284 357 2325 El.
389 2283 443 2337 ΙΙ,
480 2284 550 2330 49)
600 2283 875 2336 agnoscenda
924 2289 989 2327 est
1027 2284 1071 2325 in
1116 2282 1300 2340 φαάνθη
1342 2286 1381 2324 P
1408 2285 1503 2325 650.
1555 2283 1651 2336 ἒξε-

153 2346 339 2406 φαάνθη
372 2350 414 2389 Δ
444 2349 539 2390 468.
579 2351 626 2388 Ν
651 2349 745 2390 278.
792 2364 823 2400 μ
854 2351 949 2390 441.
996 2347 1204 2405 φάανθεν
1235 2353 1285 2390 Α
1317 2351 1412 2390 200.
1453 2347 1650 2406 ἓξεφάαν

151 2417 237 2457 θεν
274 2418 313 2456 Τ
344 2417 406 2456 17.
466 2412 595 2456 Verbi
626 2412 798 2468 φαεν]’ω
830 2415 1035 2470 (φαείνω)
1065 2414 1245 2458 aoristus
1274 2412 1446 2468 fingitur
1467 2418 1649 2472 φαένθη

153 2484 194 2523 θῖ
234 2479 553 2524 assimulatione
594 2476 782 2536 φαάνθη
840 2478 989 2532 (Dietr.
1027 2479 1054 2522 l.
1090 2493 1123 2523 c.
1166 2482 1278 2531 441).
1352 2480 1390 2523 A
1423 2479 1516 2523 rad.
1558 2496 1653 2538 (pas

154 2548 281 2590 etiam
303 2543 559 2602 Δημοφόων
580 2545 620 2587 h.
644 2543 737 2587 Cer.
760 2547 841 2587 234
873 2543 1175 2601 (Amcocpcifwv
1206 2546 1412 2590 Priscian.
1437 2547 1468 2600 1,
1497 2549 1545 2588 17
1567 2546 1651 2597 Η.),

153 2613 259 2656 sicut
288 2625 314 2655 a
346 2628 430 2654 nas
461 2609 589 2661 κάων,
623 2609 850 2652 derivatur.
