1803 3230
648 241 702 277 De
727 239 878 276 diectasi
901 215 1091 276 bomerica.
1542 238 1619 276 145

126 358 324 402 diectasis
367 358 585 401 notionem
629 355 841 410 definivit,
891 356 936 397 in
981 369 1030 399 eo
1073 368 1178 399 sane
1219 356 1488 410 aliquantum
1527 370 1621 410 pro-

121 437 314 479 gressus,
367 422 480 479 quod
520 427 562 466 et
600 421 758 464 diserte
797 420 959 475 docuit,
1009 436 1095 465 non
1132 421 1256 464 metri
1294 434 1423 464 causa
1460 420 1619 475 ubique

123 494 271 543 poetas
309 489 414 532 talia
451 489 634 531 formare
671 487 819 530 solitos
866 500 980 541 esse,
1025 486 1102 530 sed
1139 487 1279 529 vocali
1315 491 1481 530 tantum
1522 501 1619 530 con-

55 603 60 609 *
121 555 327 602 tractione
371 557 488 596 ortae
526 553 699 595 brevem
737 552 807 594 vel
846 552 1018 606 longam
1058 551 1251 606 ejusdem
1295 552 1464 605 generis
1501 556 1620 595 ante-

122 620 316 675 posuisse
346 618 498 670 (Lexil'.
528 618 584 670 ΙΙ,
621 619 731 671 105),
764 621 805 660 et
834 617 945 660 bene
974 616 1199 670 intellexit,
1231 630 1317 659 non
1346 617 1391 659 in
1422 617 1617 660 omnibus

121 685 345 728 verborum
376 683 421 725 in
453 698 542 724 -αω
573 682 718 726 formis
749 682 958 725 diectasin
988 681 1176 737 admitti3
1209 681 1285 725 sed
1316 682 1428 736 quod
1458 684 1492 722 ’ἆ
1516 687 1618 725 ante

120 766 145 792 τ
183 749 360 792 distrahi
398 762 482 791 non
520 761 648 803 posse
685 748 730 790 in
770 749 831 789 αᾶ
868 746 1088 791 contendit
1122 747 1168 789 in
1208 748 1345 791 Lexil.
1376 748 1409 801 I,
1442 749 1480 789 9.
1525 750 1621 789 129g

120 818 215 869 300,
248 814 422 870 erravit;
458 828 558 857 nam
587 812 704 869 apud
734 812 968 857 Hesiodum
998 812 1168 868 quidem
1200 811 1308 870 Opp.
1341 815 1418 856 241
1451 813 1619 856 inveni-

118 886 185 923 tur
215 880 510 935 conjunctivus
539 877 820 937 μηχανάᾶται
852 877 947 934 (pro
976 877 1289 936 μηχανάηται),
1323 892 1346 923 e
1366 879 1614 922 Buttmanni

118 945 348 1001 disciplina
377 959 401 989 e
429 949 679 1002 μηχανᾶται
712 944 951 989 distractus.
1004 945 1231 988 Praeterea
1259 945 1470 988 immerito
1501 944 1615 988 idem

119 1008 255 1052 ἄαται
285 1011 385 1054 Hes.
418 1012 484 1054 Sc.
520 1014 593 1054 101
636 1011 815 1054 mutavit
847 1011 891 1053 in
922 1003 1025 1052 ἆται
1065 1009 1223 1065 (Lexil.
1254 1011 1282 1053 l.
1314 1024 1362 1063 c.,
1393 1024 1454 1065 gr.
1486 1024 1549 1065 gr.
1582 1011 1614 1063 I,

119 1073 242 1130 497);
274 1075 350 1118 sed
381 1075 539 1131 dubito,
572 1089 664 1119 cum
686 1075 922 1130 Gottlingio
951 1076 1094 1130 „Allg.
1114 1076 1162 1117 L.
1183 1089 1222 1117 v.
1241 1089 1301 1130 gr.
1323 1075 1452 1118 Acc.“
1478 1078 1532 1122 99
1551 1089 1613 1129 sq.

116 1153 172 1184 ex
188 1137 316 1184 ἄεται
332 1141 652 1186 assimulatione
668 1142 694 1185 i.
710 1154 745 1185 e.
760 1141 992 1185 secundum
1013 1141 1317 1185 Buttmannum
1338 1140 1614 1185 distractione

116 1204 287 1256 factum,
316 1220 372 1249 an
403 1220 496 1250 cum
527 1207 686 1251 Sonnio
718 1208 772 1250 K.
803 1209 848 1250 Z.
879 1208 1001 1262 XIII,
1034 1210 1115 1251 418
1148 1207 1202 1250 ab
1236 1205 1378 1262 ἄαμαι
1408 1206 1611 1262 (disceptat,

116 1275 162 1313 ut
193 1270 370 1325 ἔραμαι)
401 1272 638 1316 derivatum
669 1285 763 1316 esse
794 1272 977 1316 credam.

230 1337 307 1380 His
337 1338 479 1380 statim
509 1338 687 1392 adjungi
718 1342 885 1392 oportet
914 1339 983 1380 La
1014 1338 1179 1380 Rochi
1210 1338 1488 1391 sententiam,
1529 1339 1614 1391 qui,

115 1415 371 1456 quamquam
411 1416 488 1458 per
518 1403 665 1446 decem
705 1403 840 1446 lustra
870 1403 990 1445 multi
1021 1407 1062 1445 et
1092 1404 1244 1445 summi
1275 1403 1469 1446 homines
1501 1402 1613 1445 docti

115 1467 268 1510 acriter
297 1467 571 1521 studuerunt,
611 1473 657 1510 ut
685 1469 760 1510 lux
789 1467 909 1510 fieret
937 1468 981 1509 in
1013 1468 1139 1510 rebus
1169 1468 1456 1521 grammaticis
1485 1474 1614 1522 atque

113 1545 221 1575 sana
269 1531 442 1587 linguae
486 1533 672 1588 cognitio
715 1533 1019 1587 invalesceret,
1070 1536 1214 1577 tamen
1253 1534 1347 1577 luce
1386 1537 1530 1588 spreta
1568 1533 1612 1576 in

115 1602 304 1640 veterum
349 1598 447 1641 illas
491 1600 693 1642 tenebras
742 1598 997 1653 praecipitat
1046 1598 1254 1653 docetque
1302 1600 1410 1643 haec
1459 1600 1613 1653 ,‚Hom.

112 1663 323 1706 Textkr.“
355 1666 458 1707 310:
507 1665 606 1719 „bei
645 1664 729 1708 den
761 1663 914 1707 Verbis
951 1663 1025 1722 auf
1061 1681 1150 1707 -αω
1190 1665 1279 1708 tritt
1307 1665 1616 1721 regelmaessig

113 1728 487 1772 Contraction·ein
516 1731 605 1772 und
635 1730 742 1772 wird
773 1730 870 1772 dem
902 1729 1034 1772 durch
1055 1731 1494 1785 Zusammenziehung
1525 1738 1613 1775 ent-

113 1793 356 1837 standenen
387 1794 546 1850 langen
578 1795 711 1838 Vocal
743 1794 818 1837 der
847 1794 1035 1849 gleiche,
1082 1795 1257 1838 einer-lei
1289 1797 1342 1839 ob
1373 1797 1477 1851 lang
1508 1797 1613 1840 oder

112 1859 231 1910 kurz,
263 1861 598 1915 vorgeschlagen
629 1861 731 1904 oder
760 1860 1078 1914 nachgesetzt.“

226 1924 332 1967 Item
381 1925 680 1981 Herzogius
730 1924 1112 1980 „Bildungsgesch.
1156 1924 1195 1968 d.
1233 1939 1294 1980 gr.
1336 1940 1374 1969 u.
1416 1927 1443 1969 1.
1484 1927 1610 1983 8ρι·.“

113 1990 214 2044 Lps.
258 1991 361 2032 1871
403 2005 443 2045 p.
481 1994 558 2033 146
608 1992 650 2034 in
697 1990 872 2045 antiqua
912 1990 1105 2033 doctrina
1150 1997 1416 2046 perseverat,
1468 2007 1610 2048 neque

113 2055 251 2097 minus
301 2055 669 2109 Westphalius
719 2054 935 2109 „Method.
975 2055 1078 2097 Gr.“
1120 2056 1182 2109 II,
1226 2059 1291 2107 84,
1343 2057 1454 2111 quod
1504 2060 1610 2103 satis

113 2120 256 2162 mirari
286 2134 372 2162 non
402 2134 592 2175 possum,
639 2121 838 2175 quoniam
868 2120 961 2174 ipse
991 2125 1120 2163 antea
1159 2121 1358 2175 „Griech.
1390 2124 1542 2166 Metr.“
1575 2126 1608 2178 Ι,

112 2187 179 2227 67.
227 2187 303 2228 281
352 2186 579 2229 acerrimus
627 2186 821 2241 poeticae
858 2185 979 2228 istius
1020 2185 1220 2229 licentiae
1265 2188 1495 2242 castigator
1539 2202 1608 2232 ex-

110 2249 217 2293 stitit
255 2251 371 2305 („die
403 2251 551 2295 Poesie
581 2252 656 2295 hat
686 2252 776 2296 sich
807 2266 853 2295 so
883 2251 1024 2306 wenig
1055 2252 1241 2306 erlaubt,
1288 2252 1356 2296 die
1387 2252 1609 2305 Quantitat

112 2315 188 2358 des
220 2316 374 2359 Vocals
413 2332 463 2360 zu
502 2317 687 2372 andern,
730 2318 811 2361 wie
851 2317 920 2361 die
959 2317 1148 2371 sonstige
1187 2318 1309 2360 Form
1349 2318 1424 2361 des
1464 2320 1608 2363 Worts

112 2380 200 2423 und
231 2381 307 2425 der
337 2383 772 2439 Flexionsendungen
802 2382 1199 2438 umzugestalten“).

225 2447 351 2489 Haud
389 2462 494 2502 opus
536 2462 629 2491 esse
666 2456 767 2504 puto
808 2451 919 2491 hanc
957 2449 1211 2492 sententiam
1241 2450 1506 2502 argumentis
1546 2464 1609 2492 re-

110 2508 260 2565 futare,
304 2525 397 2554 cum
429 2512 556 2556 hodie
585 2515 710 2568 periti
740 2514 827 2558 fere
858 2527 1004 2557 omnes
1035 2526 1129 2555 eam
1160 2513 1392 2567 reprobent
1422 2520 1464 2558 et
1493 2529 1609 2570 sper-

111 2581 227 2617 nant.
288 2577 426 2630 Aique
471 2591 570 2631 ego,
617 2580 783 2622 etiamsi
821 2580 1004 2621 Homero
1044 2579 1185 2620 omnia
1221 2579 1341 2621 licita
1391 2579 1520 2623 fuisse
1560 2582 1608 2623 in

110 2640 288 2695 syllabis
339 2642 625 2698 producendis
672 2645 741 2687 vel
793 2643 1067 2699 corripiendis
1106 2643 1428 2688 concedendum
1479 2650 1610 2699 esset,

181 2718 354 2751 Curtius,
377 2721 496 2747 Studien
516 2722 567 2748 w.
1294 2714 1333 2747 10
