1803 3230
659 274 715 309 De
740 272 891 312 diectasi
913 273 1101 309 homerica.
1385 299 1388 302 -
1561 273 1638 312 165

139 389 356 443 spiciatur,
388 390 686 445 progressivae
716 388 1008 442 productionis
1036 391 1201 432 nullum
1223 395 1364 433 exstat
1394 392 1639 444 exemplum

140 458 237 509 post
268 455 375 499 duas
412 455 579 498 litteras
610 454 854 507 continuas,
900 454 1063 497 nullum
1102 460 1199 511 post
1218 456 1265 512 j,
1311 461 1439 511 atque
1477 461 1575 511 post
1612 474 1639 498 f

140 533 307 575 quoque
336 535 419 564 non
452 519 689 575 quaelibet,
721 523 768 562 ut
796 523 898 562 ante
928 532 1043 572 eam,
1075 522 1236 565 vocalis
1265 521 1522 576 producitur,
1562 522 1640 565 sed

138 600 226 630 una
246 603 283 630 ο.
325 586 449 639 Quod
478 587 619 641 ipsum
649 585 774 628 nobis
794 585 985 629 indicare
1015 586 1195 640 videtur,
1225 587 1336 631 hanc
1359 589 1638 631 mutationem

138 665 224 694 non
255 652 407 695 eadem
428 653 595 694 ratione
615 664 711 694 esse
732 651 1034 705 explicandam
1054 657 1184 706 atque
1210 652 1308 694 illas
1337 653 1639 706 productiones

136 717 349 760 vocalium
394 720 497 760 ante
539 716 786 772 positarum.
847 732 911 770 „w
951 729 1004 760 ex
1042 731 1095 759 ,eo
1135 716 1277 772 prodit
1321 730 1374 760 ex
1414 717 1637 772 affinitate,

138 795 222 836 qua
252 798 275 824 o
307 796 401 825 cum
431 799 459 825 ,ι-
489 781 772 831 continetur‚“
815 781 859 823 id
899 781 1012 834 quod
1050 783 1145 836 ipse
1173 783 1441 836 Brugmanus
1480 784 1639 837 optime

135 847 351 890 intellexit
394 847 511 898 (adn.
544 850 628 896 88).
697 845 923 889 Productio
967 850 1112 890 autem
1156 847 1422 903 suppletoria
1465 848 1638 891 omnino

135 926 223 955 non
253 912 414 968 pendet
443 926 497 957 ex
526 912 747 967 affinitate,
778 912 856 956 sed
885 927 914 954 α
946 928 965 955 ε
999 927 1022 954 0
1055 928 1071 954 ι
1102 929 1126 953 υ
1157 917 1200 956 et
1229 917 1330 956 ante
1360 929 1388 954 J·-
1419 917 1461 956 et
1490 918 1591 956 ante
1611 914 1643 969 j

135 977 229 1021 sine
258 978 347 1021 ullo
378 973 624 1022 discrimine
654 992 706 1023 ea
734 977 988 1021 afficiuntur.
1028 977 1180 1032 Neque
1199 977 1328 1032 igitur
1357 978 1639 1033 productione

135 1044 276 1099 suppl.
308 1059 343 1085 ω
382 1043 429 1086 fit
459 1057 513 1088 ex
542 1060 618 1095 fo,
667 1043 746 1088 sed
783 1044 846 1087 ita
882 1044 1045 1099 potius,
1088 1049 1135 1086 ut
1165 1060 1192 1086 f
1230 1043 1275 1086 in
1314 1058 1464 1087 sonum
1496 1044 1637 1088 vocali

134 1109 316 1152 similem
355 1114 519 1153 mutata
542 1123 649 1153 ·cum
688 1114 895 1164 sequente
926 1125 949 1151 ο
980 1110 1024 1152 in
1063 1123 1192 1152 unam
1229 1110 1404 1164 longam
1440 1111 1636 1153 vocalem

135 1174 348 1217 coalescat
393 1175 461 1227 (cf.
492 1175 615 1218 Ebel.
654 1175 710 1217 K.
744 1175 790 1217 Z.
820 1174 895 1227 IV,
931 1177 1039 1224 166).
1100 1174 1186 1217 Sed
1232 1174 1400 1218 etiamsi
1443 1188 1489 1218 re
1533 1189 1637 1219 vera

133 1239 355 1294 productio
393 1240 533 1295 suppl.
562 1240 641 1282 illa
676 1240 947 1295 progressiva
976 1239 1252 1294 agnoscenda
1291 1240 1366 1294 sit,
1414 1253 1467 1283 ea
1504 1253 1559 1284 ex
1588 1254 1635 1285 re

133 1304 389 1348 concludere
417 1318 506 1348 non
535 1304 761 1359 debemus,
782 1305 836 1360 jo
867 1318 1035 1360 quoque
1062 1305 1108 1347 in
1139 1320 1173 1346 ω
1204 1305 1275 1348 vel
1295 1304 1353 1360 fii
1382 1305 1428 1348 in
1458 1313 1487 1348 ᾶ
1515 1306 1637 1350 abire

133 1369 337 1425 potuisse.
397 1370 549 1424 Itaque
587 1370 717 1413 etiam
746 1370 904 1413 formas
924 1368 1207 1413 ‘assimulatas
1237 1366 1457 1425 ὁρόωντο,
1495 1368 1635 1428 ὁράᾳς

133 1434 415 1490 productione
445 1435 586 1490 suppl.
615 1435 712 1490 ipsa
740 1439 890 1489 atque,
935 1439 982 1478 ut
1015 1435 1076 1478 ita
1106 1434 1267 1489 dicam,
1310 1434 1471 1479 directa
1502 1437 1636 1491 expli-

133 1512 233 1544 care
261 1514 349 1543 non
377 1500 489 1543 licet.

246 1565 345 1610 Jam
366 1578 467 1609 vero
498 1565 565 1609 his
595 1564 806 1609 absolutis
834 1564 892 1608 ad
921 1578 1017 1609 eam
1045 1564 1346 1621 aggrediamur
1376 1566 1635 1610 sententiam

133 1631 488 1683 examinandam,
520 1645 646 1685 quam
678 1630 891 1674 Curtius
922 1636 1072 1686 postea
1101 1631 1297 1685 („Stud.“
1329 1631 1408 1683 III,
1442 1633 1523 1674 398
1555 1636 1635 1687 sq.)

132 1696 367 1753 proposuit.
408 1696 493 1740 Ubi
512 1696 695 1752 priorem
716 1697 909 1740 vocalem
930 1696 1130 1752 ubique
1149 1696 1213 1739 ab
1234 1695 1399 1739 initio
1430 1697 1635 1752 spirantis

132 1763 175 1806 vi
205 1763 522 1818 productam
553 1775 649 1808 esse
678 1767 808 1817 ratus,
839 1762 1162 1818 productionem
1193 1762 1439 1817 posterioris
1469 1764 1632 1807 vocalis

133 1829 356 1884 explicare.
389 1827 553 1871 studuit
589 1828 1025 1883 transpositione
1064 1827 1414 1882 quantitatis3
1466 1841 1551 1882 qua
1587 1829 1633 1871 in

132 1907 179 1937 re
210 1907 305 1937 eum
335 1893 524 1947 sequitur
552 1893 821 1947 Brugmanus
850 1894 878 1950 l.
910 1906 944 1936 c.
981 1895 1057 1936 183
1089 1905 1150 1946 sq.

246 1959 448 2001 Nostrum
478 1961 621 2019 autem
652 1958 750 2011 erit,
799 1971 882 2012 quo
921 1957 976 2001 de
1008 1957 1084 2000 illa
1113 1957 1412 2012 explicatione·
1432 1957 1632 2012 judicare

131 2024 363 2080 possimus,
404 2028 447 2066 et
475 2023 521 2066 in
549 2024 793 2067 universam
823 2022 1167 2078 transpositionis
1194 2022 1311 2066 illius
1340 2028 1537 2066 naturam
1568 2024 1631 2066 in-

132 2091 297 2145 quirere
328 2094 370 2133 et
399 2089 616 2141 terminos,
648 2088 802 2142 quibus
831 2088 886 2130 sit
915 2088 1300 2132 circumscribenda
1328 2088 1407 2131 illa
1435 2090 1628 2143 mutatiO,

132 2156 341 2211 exemplis
372 2153 561 2197 collectis
593 2152 779 2197 definire.

245 2222 403 2275 Magna
433 2219 487 2262 de
516 2223 607 2261 tota
636 2219 719 2261 hac
749 2219 1001 2273 quaestione
1031 2224 1096 2263 est
1125 2219 1336 2263 dissensio
1374 2220 1487 2263 inter
1517 2221 1630 2264 viros
1684 2251 1700 2259 -

131 2287 293 2330 doctos.
343 2285 429 2328 Alii
457 2284 612 2327 factam
645 2297 741 2328 esse
770 2283 1019 2338 quantitatis
1047 2285 1425 2340 transpositionem
1455 2285 1630 2328 omnino

130 2358 312 2407 negant,
373 2350 447 2394 alii
498 2362 644 2393 omnes
693 2351 865 2393 vocales
915 2363 967 2393 ea
1016 2349 1126 2393 affici
1174 2363 1300 2406 posse
1349 2351 1628 2394 contendunt.

129 2419 297 2462 Primus
347 2417 703 2459 Buttmannus
752 2429 814 2471 gr.
862 2429 924 2471 gr.
973 2417 998 2468 ξ
1029 2418 1080 2457 27
1121 2415 1221 2459 adn.
1261 2418 1310 2457 21
1368 2413 1629 2473 Ἀτρεὶδεω,

129 2483 283 2535 ἵλεως,
333 2483 558 2539 βασιλέως
607 2482 857 2538 quantitatis
900 2483 1231 2538 transpositione
1281 2495 1335 2526 ex
1385 2480 1630 2539 Ἀτρείὸᾶο,

129 2550 275 2601 ἵλᾶος,
307 2549 526 2605 βασιλῆος
565 2554 658 2592 orta
688 2561 782 2592 esse
822 2548 983 2603 docuit3
1028 2561 1153 2602 quem
1183 2561 1333 2591 omnes
1362 2550 1629 2603 grammatici

129 2616 262 2658 secuti
293 2620 391 2658 sunt
419 2627 553 2669 usque
583 2614 639 2657 ad
670 2615 929 2658 Ebelium.
989 2613 1032 2655 Is
1061 2626 1162 2655 vero
1193 2614 1247 2656 K.
1278 2614 1325 2656 Z.
1356 2614 1429 2668 IV,
1465 2616 1544 2657 170
1566 2628 1628 2669 sq.

128 2681 189 2723 ita
228 2681 441 2736 duplicem
480 2680 651 2723 illarum
690 2694 841 2724 vocum
879 2679 1176 2722 formationem
1216 2680 1469 2735 explicavit,
1520 2685 1566 2722 ut
1605 2694 1628 2723 e
