1803 3230
153 252 170 289 1
180 251 231 290 74
818 254 990 299 Mangold

146 370 235 409 tum
267 366 381 421 quod
413 380 490 410 eae
521 372 688 411 tantum
719 368 881 413 formae
909 370 1185 412 inveniuntur
1214 369 1510 424 assimulatae,
1553 384 1651 425 qua-

146 446 236 474 rum
277 433 440 475 vocalis
478 435 690 488 posterior
728 434 821 488 jam
862 439 962 477 ante
999 435 1118 477 illam
1156 435 1529 489 transpositionem
1561 436 1651 479 sive

146 502 300 540 natura
330 498 423 541 sive
452 499 665 553 positione
696 500 828 554 longa
856 500 993 543 fuerit.

261 563 383 614 Quae
412 569 500 606 tam
531 565 677 619 magni
708 566 911 608 momenti
940 565 1047 606 mihi
1077 579 1172 608 esse
1201 564 1412 617 videntur,
1458 568 1503 606 ut
1534 565 1649 607 Curti

145 628 500 682 explicationem,
547 631 743 684 quamvis
773 631 1039 685 probabilem
1071 643 1143 685 ec,
1191 629 1304 684 quod
1335 642 1482 672 omnes
1513 643 1567 672 ex
1591 643 1650 674 ca

143 696 306 741 formae
337 698 524 742 traditae
552 722 617 728 »-
656 704 826 754 praeter
855 687 1072 756 μενοινάᾳ
1101 723 1155 729 —-
1189 699 1300 743 bene
1330 699 1647 754 intellegantur,

143 777 230 805 non
262 765 400 807 ausim
434 766 638 818 recipere.

260 830 411 884 Itaque
451 843 504 872 ex
546 829 741 873 instituto
782 833 926 872 nostro
965 829 1001 872 si
1040 830 1170 872 aliam
1210 830 1379 872 illarum
1418 829 1647 872 formarum

144 895 475 948 explicationem
506 895 743 936 rationibus
765 895 909 936 allatis
939 896 1122 948 probare
1151 896 1375 948 possimus,
1407 895 1649 948 periclitan-

146 958 245 1001 dum
277 963 352 1001 est.
395 958 520 1010 Quod
550 963 596 1001 ut
626 958 716 1001 fieri
747 959 895 1013 possit,
926 971 1101 1001 necesse
1132 964 1208 1008 est,
1240 958 1397 1001 formas
1428 972 1536 1013 quae
1567 960 1648 1002 huc

142 1024 359 1078 pertinent
397 1024 441 1065 in
483 1024 644 1067 classes
682 1023 948 1066 distribuere.
1009 1024 1159 1077 Itaque
1197 1024 1333 1078 primo
1376 1024 1469 1066 loco
1501 1024 1555 1068 de
1584 1025 1648 1067 in-

141 1088 313 1130 finitivis
334 1089 378 1130 in
400 1104 523 1141 -aav,
551 1089 688 1131 altero
711 1088 765 1131 (16
795 1077 990 1131 omnibus
1010 1089 1055 1130 in
1085 1104 1247 1131 -οωντ-
1278 1093 1320 1131 et
1347 1104 1459 1145 -οῳ-
1487 1083 1648 1143 ΐοῐωίε,

139 1153 264 1195 tertio
303 1153 357 1196 de
396 1153 587 1196 secunda
625 1158 669 1196 et
708 1154 834 1196 tertia
874 1167 1059 1208 persona
1097 1154 1141 1195 in
1180 1169 1287 1210 -αᾳς
1328 1158 1369 1196 et
1404 1169 1488 1210 -αᾳ
1518 1168 1645 1208 agen-

139 1219 238 1260 dum
271 1222 346 1261 est.

570 1377 644 1419 De
675 1377 978 1420 infinitivis
1009 1377 1062 1419 in
1093 1394 1211 1420 -ααν,

189 1497 192 1499 ·
253 1480 302 1521 In
334 1479 401 1521 his
431 1478 653 1521 infinitivis
684 1492 768 1532 qua
798 1480 962 1521 ratione
992 1485 1207 1534 postrema
1238 1480 1408 1534 syllaba
1437 1480 1647 1535 producta

136 1545 210 1598 sit,
259 1544 343 1587 dici
385 1557 471 1586 non
508 1548 662 1598 potest.
723 1545 878 1586 Verum
909 1558 983 1586 cur
1014 1557 1107 1587 eam
1146 1543 1395 1600 productam
1432 1549 1641 1599 putemus,

137 1611 311 1653 omnino
335 1608 478 1652 'nulla
522 1613 586 1652 est
631 1623 771 1652 causa.
832 1610 963 1652 Tales
1002 1611 1115 1652 enim
1154 1609 1354 1652 infinitivi
1393 1624 1487 1652 cum
1526 1611 1642 1666 apud

137 1676 369 1719 Homerum
402 1678 454 1718 25
486 1673 591 1718 loeis
622 1678 689 1721 (13
721 1675 886 1729 Iliadis,
923 1677 971 1717 12
1005 1674 1241 1731 Odysseae)
1269 1675 1554 1731 inveniantur,
1588 1679 1641 1719 20

138 1742 241 1784 locis
287 1755 477 1784 consona
518 1741 785 1796 sequitur¹⁰);
833 1755 886 1784 ex
925 1741 1100 1794 reliquis
1138 1746 1288 1791 autem,
1318 1742 1524 1795 quinque,
1569 1742 1653 1784 ubi-

135 1807 297 1849 vocalis
327 1807 538 1860 sequitur,
570 1806 768 1861 syllabae
798 1822 874 1847 -av
906 1806 1126 1860 productio
1173 1806 1239 1849 bis
1283 1811 1510 1849 excusatur
1548 1819 1640 1850 cae-

132 1886 231 1914 sura
272 1869 465 1914 mascula
513 1871 636 1926 pedis
672 1870 870 1920 secundi,
933 1884 985 1913 ea
1023 1885 1132 1925 quae
1171 1877 1235 1914 est
1281 1876 1382 1915 ante
1420 1885 1639 1914 caesuram

133 1936 245 1978 κατὰ
295 1939 445 1991 τρίτον
493 1944 702 1992 τροχαῖον
748 1938 806 1985 (Θ
847 1938 942 1978 527.
993 1940 1038 1978 Ν
1075 1939 1165 1987 27),
1217 1937 1282 1979 bis
1337 1936 1641 1990 semiquinaria

133 2005 178 2055 (μ
211 2005 278 2042 47.
332 2004 448 2055 109),
500 2002 632 2045 semel
683 2002 1038 2055 semiseptenaria
1089 2004 1144 2051 (Β
1183 2001 1351 2057 613).²⁰)
1412 2001 1642 2044 Simillima

131 2067 297 2110 ratione
335 2067 560 2110 Renne-rus
599 2066 782 2127 „Studf‘
823 2067 863 2119 I,
900 2068 937 2119 2,
972 2069 1025 2108 32
1067 2065 1255 2109 Curtium
1295 2071 1464 2110 secutus
1503 2066 1639 2109 infini-

130 2134 242 2176 tivos
273 2133 420 2175 aoristi
453 2134 630 2176 secundi
659 2133 787 2176 activi
819 2133 863 2174 in
894 2148 1009 2174 -εειν
1040 2133 1174 2175 veteri
1206 2133 1336 2176 errori
1367 2132 1513 2175 deberi
1544 2146 1637 2187 per-

130 2198 273 2254 spexit
303 2204 443 2253 atque,
477 2203 522 2241 ut
551 2213 627 2253 pro
660 2199 722 2242 eis
741 2198 897 2251 ubique
927 2199 1088 2241 formae
1108 2199 1152 2240 in
1176 2215 1271 2242 -εεν
1301 2200 1636 2253 restituerentur,

130 2264 461 2307 commendavit.

227 2449 265 2486 19)
293 2452 319 2481 Β
345 2452 420 2484 297.
450 2452 477 2481 Ε
504 2451 580 2484 366.
609 2449 639 2481 Θ
665 2451 718 2483 45.
745 2451 779 2481 Κ
798 2451 874 2483 530.
904 2452 943 2481 Μ
959 2452 1013 2484 63.
1040 2452 1165 2484 Ν215.
1192 2453 1219 2482 Ρ
1240 2452 1316 2486 496.
1345 2452 1375 2482 Φ
1397 2451 1476 2483 454.
1502 2452 1538 2482 Χ
1556 2453 1632 2485 400.

132 2506 170 2536 Ψ
193 2505 270 2537 334.
295 2515 319 2545 y
343 2506 420 2537 484.
446 2506 524 2538 494.
550 2515 566 2537 ε
598 2506 668 2536 17-1.
695 2504 772 2537 290.
801 2503 821 2541 ζ
843 2505 896 2536 82.
924 2505 950 2534 θ
975 2505 1050 2537 509,
1077 2502 1095 2534 λ
1122 2505 1198 2538 292.
1227 2516 1253 2548 μ
1283 2506 1357 2538 124.
1386 2514 1403 2534 ο
1429 2505 1480 2536 50.
1513 2505 1585 2538 192.

222 2557 267 2600 2⁰)
293 2555 393 2592 Unus
418 2557 630 2603 hymnorum
653 2556 757 2591 Hom.
785 2555 980 2592 infinitivus
1006 2554 1141 2590 πελάᾶν
1165 2557 1243 2600 VII,
1264 2561 1306 2593 44
1332 2559 1527 2592 excusatur
1551 2568 1633 2593 cae-

128 2622 213 2646 sura
245 2611 514 2654 semiquinaria,
550 2622 644 2646 uuus
678 2611 776 2656 apud
800 2610 997 2645 Hesiodum
1030 2611 1096 2645 Th.
1122 2614 1184 2646 491
1221 2610 1367 2651 ἐξελάαν
1399 2620 1491 2645 caes.
1523 2621 1632 2647 masc.

127 2665 207 2711 ped.
240 2664 400 2700 secundi.
