1803 3230
151 288 167 324 1
175 287 198 325 5
204 286 228 325 2
815 286 986 332 Mangold

145 402 250 447 nisis
277 414 458 458 graecae
482 401 656 457 linguae
677 401 848 457 regulas
870 402 948 445 sub
970 403 1103 447 oculis
1133 404 1294 459 positas
1318 401 1442 446 nihili
1472 401 1645 445 habere.

143 470 244 525 Ipse
281 472 424 511 autem
463 483 498 509 ω
539 467 657 511 vocis
696 464 898 524 ὁρόωντα
945 474 1060 513 recte
1098 469 1224 513 scribi
1264 483 1316 513 ex
1359 469 1442 519 eis,
1492 467 1646 521 quibus

143 534 315 578 vocales
345 533 527 577 affectae
556 534 654 588 sint,
685 533 993 577 mutationibus
1023 535 1205 590 probare
1234 535 1387 579 studet.
1429 531 1646 576 Profectus

142 602 197 643 ab
229 599 491 655 explicanda
519 599 656 643 forma
687 596 879 654 ὃρόωσι,
920 613 1046 654 quam
1078 600 1302 645 Oorssenio
1342 600 1449 643 duce
1486 598 1645 653 optime

142 666 202 707 ita
232 677 328 708 esse
359 665 554 709 effectam
585 664 710 708 docet
721 666 774 718 ⁵),
816 669 862 707 ut
892 665 1073 720 primum
1103 667 1424 709 assimulatione
1452 676 1644 719 progres-

142 731 236 773 siva
267 726 456 784 ὁράουσι
487 730 689 774 transiret
718 730 762 772 in
795 726 1013 785 *ὃραωσι,
1046 755 1101 760 -
1132 731 1369 786 cujusmodi
1401 724 1642 784 exemplu'm

140 796 359 839 invenitur
407 794 661 839 ναιετάωσα
711 819 765 824 -
815 799 904 837 tum
953 795 1277 840 assimulatione
1319 795 1555 851 regressiva
1597 794 1642 836 in

143 857 329 917 ὅρόωσι,
361 886 416 891 -
436 861 536 904 hinc
555 861 684 915 igitur
713 860 1101 915 profectus'eadem
1135 861 1293 917 duplici
1323 860 1645 905 assimulatione

142 943 265 969 -αοι-
295 928 448 970 mutari
487 927 530 968 in
570 941 682 982 -οῳ-
723 923 923 981 (ὃράοιτε
953 926 997 968 in
1037 923 1223 983 ὁρόῳτε)
1271 927 1497 971 existimat.
1557 925 1644 969 Sed

141 1006 227 1046 qua
256 992 416 1034 vocalis
446 1007 474 1032 α
504 991 548 1033 vi
579 990 797 1044 efficiatur,
830 996 875 1033 ut
904 1008 948 1033 οι
979 992 1024 1033 in
1056 1008 1089 1047 ῳ
1120 997 1316 1044 mutetur,
1361 1005 1441 1046 ego
1472 1005 1644 1047 prorsus

141 1071 228 1099 non
259 1056 477 1111 intellego.
539 1056 691 1109 Neque
731 1056 868 1110 magis
899 1056 953 1098 de
984 1068 1034 1098 eo
1065 1058 1305 1100 consentire
1345 1071 1518 1112 possum
1548 1070 1642 1100 cum

140 1123 229 1164 viro
260 1121 527 1174 doctissimo,
574 1119 687 1174 quod
719 1135 742 1161 ο
776 1133 827 1163 ea
868 1120 921 1163 de
961 1133 1091 1163 causa
1128 1122 1220 1164 vult
1249 1123 1293 1164 in
1326 1138 1359 1163 ω
1391 1122 1642 1177 productam

139 1200 254 1240 csse,
301 1186 401 1240 quia
430 1202 457 1227 α
487 1186 532 1227 in
564 1201 587 1226 0
628 1184 852 1227 debilitata
892 1186 1021 1228 etiam
1061 1187 1313 1239 quantitatis
1342 1179 1511 1241 aliquid
1541 1188 1643 1230 ami-

138 1253 278 1297 sisset.
339 1252 451 1295 Num
484 1250 612 1295 etiam
644 1250 760 1293 vocis
793 1248 1053 1308 ἡβώωντες,
1100 1255 1145 1293 ut
1184 1251 1260 1295 ille
1289 1252 1416 1295 scribi
1448 1252 1560 1306 vult,
1606 1269 1642 1295 ω

138 1321 254 1376 prior
284 1320 488 1364 minorem
519 1320 652 1362 habet
682 1320 963 1372 quantitatem
995 1332 1122 1373 quam
1154 1322 1191 1361 α-
1209 1320 1254 1363 in
1285 1310 1556 1364 πεινάοντεῗ

253 1386 333 1429 Hic
371 1398 547 1429 monere
578 1388 645 1428 sat
685 1389 770 1435 est,
811 1384 1119 1428 Kiihnerum
1158 1399 1218 1440 gr.
1259 1399 1322 1441 gr.
1354 1386 1388 1441 Ι,
1422 1389 1498 1428 601
1535 1400 1641 1441 sqq,

138 1464 396 1506 quamquam
427 1451 472 1492 in
493 1451 737 1493 universum
760 1449 1094 1493 assimulationis
1114 1464 1270 1493 nomen
1298 1452 1487 1506 recipiat,
1520 1465 1644 1506 quas-

136 1517 237 1560 dam
260 1516 314 1560 de
333 1516 547 1559 vocalium
568 1514 807 1571 quantitate
827 1515 999 1570 regulas
1015 1515 1203 1571 proferre
1216 1530 1365 1571 parum
1381 1517 1640 1573 probabiles.

251 1583 350 1626 Jam
381 1581 588 1633 vidimus,
624 1582 807 1635 positam
840 1594 934 1624 esse
966 1581 1258 1624 difficultatem
1289 1583 1331 1624 in
1363 1582 1642 1636 productione

138 1648 406 1704 potissimum
437 1646 508 1688 vel
539 1645 693 1701 prioris
723 1646 793 1689 vel
824 1646 1072 1702 posterioris
1102 1647 1263 1690 vocalis
1293 1660 1471 1702 eamque
1500 1661 1641 1703 neque

137 1716 186 1756 L.
227 1715 445 1767 Meyerum
491 1724 632 1765 neque
672 1712 950 1755 Dietrichium
1000 1712 1103 1755 satis
1152 1713 1262 1755 bene
1312 1713 1534 1757 sustulisse
1579 1715 1641 1757 eis

137 1778 291 1833 quibus
338 1776 403 1819 usi
452 1773 551 1818 sunt
600 1776 849 1818 rationibus.
910 1777 1078 1818 Novam
1120 1789 1220 1819 vero
1259 1777 1466 1820 rationem
1511 1783 1641 1833 atque

136 1848 266 1887 antea
296 1842 351 1885 ab
383 1841 581 1885 omnibus
611 1842 850 1896 neglectam
862 1841 892 1896 ⁰)
922 1842 1064 1884 attulit
1089 1840 1306 1885 Curtius
1336 1842 1393 1884 ad
1423 1843 1639 1887 illustran-

136 1909 235 1952 dam
267 1907 470 1951 diectasis
491 1910 689 1950 naturam
721 1907 976 1961 ‚,Er1aut.“2
1001 1910 1092 1950 100.
1125 1907 1306 1961 „Studf‘
1327 1907 1407 1963 ΙΙΙ,
1442 1910 1523 1952 398
1545 1923 1637 1964 sqq.

135 1974 370 2018 Verborum
411 1973 525 2016 enim
554 1972 598 2015 in
629 1988 741 2023 -αω,
781 1988 888 2023 -εω,
928 1988 1014 2014 -ow
1047 1986 1140 2015 cum
1171 1973 1328 2016 formas
1358 1973 1562 2028 pristinas
1592 1976 1636 2017 in

132 2039 281 2095 -aja'mz'
336 2037 493 2082 exiisse
553 2037 741 2081 omnium
791 2038 1031 2093 linguarum
1082 2042 1359 2093 cognatarum
1414 2039 1640 2082 doceretur

130 2104 276 2148 formis
305 2103 688 2158 respondentibus,
729 2103 917 2146 Graecos
956 2100 1123 2157 quoque
1162 2103 1376 2157 quondam
1413 2118 1513 2147 usos
1543 2118 1639 2148 esse

224 2271 251 2311 5)
296 2267 429 2303 Merito
464 2266 637 2311 reprobat
674 2266 807 2302 Leonis
842 2266 980 2311 Meyeri
1016 2268 1228 2303 sententiam
1263 2268 1358 2302 hanc
1395 2276 1473 2302 esse
1508 2267 1635 2303 seriem

128 2324 326 2360 formarum
350 2321 439 2357 rati:
478 2318 676 2366 *ὃραονσι,
704 2318 906 2364 *ὁροονσι,
943 2318 1080 2365 ὃρόωσι
1103 2325 1138 2356 et
1161 2319 1379 2367 *ὃραονζῑιῃ
1417 2318 1632 2365 *ὃροοντ]“α,

130 2375 333 2423 *ὅροονσα,
357 2373 516 2421 ὁρόωσα.
565 2373 778 2410 Homericae
802 2373 895 2409 enim
919 2373 1057 2410 formae
1082 2374 1303 2417 ναιετάουσι,
1332 2370 1550 2408 ἀοιδιάουσα
1574 2374 1637 2411 de-

130 2434 333 2466 monstrant
362 2441 460 2464 -οντι
485 2432 521 2464 et
546 2429 672 2472 -ovtja
703 2431 780 2463 tum
805 2430 945 2462 mutata
967 2427 1079 2464 fuisse
1103 2427 1140 2463 in
1167 2439 1267 2461 -omn
1291 2431 1326 2463 et
1350 2438 1478 2471 -ουσα,
1505 2438 1585 2464 eum
1611 2443 1633 2463 α

129 2484 237 2520 etiam
260 2484 399 2527 integra
423 2482 646 2518 servabatur.

223 2538 249 2578 ⁶)
287 2536 389 2573 Unus
413 2536 612 2572 Sonnius
637 2536 658 2571 l.
686 2546 716 2571 c.
742 2538 807 2570 415
841 2535 918 2580 jam
951 2538 1034 2570 ante
1067 2534 1230 2570 Curtium
1262 2533 1459 2571 formarum
1492 2535 1632 2580 quidem

127 2594 349 2638 integrarum
374 2594 428 2632 (ut
451 2589 611 2625 πεινάων
633 2588 803 2635 μαιμιὶει)
838 2589 981 2633 longam
1005 2589 1163 2624 vocalem
1186 2588 1356 2633 spirantis
1373 2589 1399 2632 j
1420 2589 1453 2624 vi
1476 2590 1632 2634 produc-

128 2650 202 2681 tam
227 2656 307 2682 esse
338 2644 532 2689 intellexit3
574 2654 681 2690 quarn
718 2643 888 2689 spirantis
925 2643 996 2677 vim
1024 2643 1101 2688 jam
1124 2642 1321 2678 Ebelius
1345 2642 1389 2677 K.
1414 2642 1451 2677 Z.
1477 2643 1538 2688 IV,
1567 2648 1626 2680 ΓΗ

128 2700 282 2745 agnovit,
308 2698 372 2735 sed
397 2697 442 2733 de
466 2698 656 2734 verborum
682 2699 952 2733 contractorum
976 2696 1102 2733 formis
1125 2695 1214 2732 nihil
1238 2696 1357 2732 edixit.
