1803 3230
689 213 745 248 De
769 212 919 248 diectasi
942 212 1132 247 homerica.
1584 209 1663 248 159

167 343 249 380 „zu
278 329 398 370 Falle
428 328 671 378 hommem).
732 326 829 370 Jam
867 339 969 369 vero
998 331 1159 369 mutato
1197 327 1271 369 illo
1309 327 1429 382 -jame‘
1465 327 1508 368 in
1548 326 1664 381 -jemz‘

166 399 292 449 atque
314 412 341 437 α
362 399 508 438 vetere
528 395 572 437 in
594 410 621 435 α
645 410 664 436 ε
688 409 710 435 ο
744 392 883 435 divisa
912 393 991 435 has
1021 393 1227 436 habemus
1258 394 1482 436 verborum
1503 392 1660 434 formas

165 474 363 515 graecas:
395 459 660 515 *τιμαιίημμ
693 458 946 514 *millesima
979 456 1259 514 *dovkoquw
1311 457 1426 509 Quas
1455 459 1501 500 in
1532 457 1660 499 decli·

166 526 340 570 natione
377 524 586 581 principio
616 523 861 578 analogiam
903 523 1020 566 verbi
1051 526 1215 579 τίθημι
1245 523 1335 565 sim.
1368 527 1534 566 secutas
1566 534 1661 565 esse

167 597 207 636 et
236 593 470 648 posteriore
501 590 671 633 demum
702 593 892 644 tempore
918 588 1068 631 eodem
1088 592 1216 642 atque
1237 588 1368 631 verba
1388 588 1432 630 in
1453 604 1510 629 -ω
1534 586 1659 630 modo

165 658 297 702 flexas
337 670 431 701 esse
469 655 558 699 veri
596 655 859 698 simillimum
900 659 985 709 est,
1030 654 1080 697 cf.
1114 653 1227 696 Curti
1260 654 1359 697 diss.
1392 653 1445 696 de
1483 653 1660 696 historia

165 725 281 767 verb.
313 728 447 766 contr.
478 721 659 775 ,‚Stud.“
690 721 766 774 III,
799 723 877 763 377
912 734 1003 774 sqq.

277 788 356 831 His
405 787 533 841 igitur
576 786 769 839 monitis,
824 799 919 828 cum
958 785 1012 828 de
1058 798 1129 838 eo,
1183 784 1296 838 quod
1345 788 1541 827 naturam
1580 783 1660 826 dis-

164 853 380 897 tractionis
418 852 464 895 in
510 851 832 895 assimulatione
877 851 1060 907 positam
1108 864 1202 895 esse
1250 850 1513 903 existiment,
1568 862 1660 892 cum

166 919 439 973 Goettlingio,
470 919 657 973 Meyero,
690 916 846 971 Curtio,
880 922 922 961 et
953 917 1006 960 de
1028 930 1089 970 eo,
1123 917 1236 971 quod
1267 913 1446 972 ὁρόωσι,
1480 912 1661 970 ὁρόωσα

164 984 484 1029 assimulatione
531 984 749 1039 reciproca
799 986 892 1026 orta
940 996 1034 1027 esse
1072 982 1243 1037 doceat,
1295 995 1387 1025 oum
1427 981 1660 1025 Dietriehio

163 1051 294 1105 plane
324 1063 392 1093 me
423 1049 664 1092 consentire
694 1063 735 1103 p.
762 1052 835 1090 151
871 1062 932 1102 sq.
965 1049 1181 1092 confessus
1212 1049 1303 1101 sim,
1330 1048 1422 1102 jam
1454 1061 1505 1090 ea
1535 1047 1658 1090 nobis

164 1115 390 1158 difficultas
421 1115 499 1158 erit
529 1113 736 1169 imprimis
767 1113 1057 1169 expedienda,
1097 1118 1143 1157 ut
1174 1114 1466 1169 explanemus,
1500 1127 1584 1167 qua
1613 1126 1659 1156 re

162 1180 247 1235 fiat,
279 1186 324 1223 ut
343 1180 570 1223 formarum
590 1179 931 1222 assimulatarum
953 1184 994 1223 et
1014 1181 1129 1234 prior
1151 1185 1191 1223 et
1221 1174 1429 1234 posterior
1449 1192 1473 1222 e
1494 1178 1658 1221 duabus

166 1246 385 1288 vocalibus
407 1244 705 1287 contrahendis
725 1244 851 1286 modo
873 1245 1014 1288 brevis
1036 1246 1161 1288 modo
1188 1245 1395 1300 producta
1415 1244 1482 1287 sit.
1534 1243 1657 1295 Quod

163 1316 209 1353 ut
237 1310 469 1366 possimus,
517 1305 747 1364 separatim
787 1313 964 1376 utraque
994 1310 1154 1354 vocalis
1186 1316 1250 1353 est
1279 1309 1516 1365 spectanda
1546 1308 1658 1351 ideo-

164 1389 245 1431 que
275 1376 455 1431 primum
477 1374 532 1418 (le
561 1375 712 1429 prioris
733 1376 982 1429 quantitate,
1015 1381 1103 1418 tum
1126 1376 1178 1419 de
1203 1376 1447 1431 posterioris
1469 1387 1658 1430 agemus.

770 1602 936 1653 CAPUT
971 1604 1058 1652 III.

394 1717 470 1759 DE
501 1715 725 1760 PRIORIS
758 1716 1001 1761 VOCALIS
1032 1717 1423 1770 QUANTITATE.

273 1820 321 1862 In
345 1819 633 1863 examinanda
663 1820 891 1864 formarum
922 1820 1264 1863 assimulatarum
1295 1821 1532 1875 quantitate
1561 1835 1653 1876 pro-

161 1884 430 1928 ficiseendum
472 1889 536 1928 est
574 1898 600 1927 a
643 1885 787 1928 formis
825 1885 1016 1940 integris.
1076 1885 1262 1937 Quarum
1302 1886 1501 1941 exempla
1539 1886 1653 1940 apud

161 1952 388 1994 Homerum
427 1963 563 2004 pauca
600 1943 763 1993 tantum
803 1964 906 2006 prae
944 1943 1286 1993 assimulatarum
1327 1956 1655 1994 contractarum-

161 2028 241 2070 que
278 2014 549 2056 multitudine
579 2014 874 2068 inveniuntur3
925 2028 1024 2056 nam
1056 2028 1079 2057 e
1114 2017 1245 2060 132¹1)
1285 2016 1426 2058 verbis
1465 2016 1509 2057 in
1547 2031 1652 2068 -αω,

161 2093 269 2136 quae
299 2080 343 2122 in
373 2078 512 2121 Iliade
542 2083 583 2122 et
614 2077 809 2135 Odyssea
845 2080 1067 2134 usurpavit
1105 2084 1252 2135 poeta,
1295 2083 1343 2122 21
1379 2084 1544 2123 tantum
1575 2095 1653 2124 usu

159 2148 337 2190 veniunt
374 2145 518 2188 formis
554 2145 745 2199 integris.
806 2144 992 2196 Quorum
1024 2161 1050 2186 α
1081 2145 1168 2188 fere
1199 2159 1366 2200 semper
1395 2147 1540 2189 brevis
1570 2152 1654 2189 est:

160 2209 374 2262 ἀοιόιοΐει,
405 2207 584 2266 γοοῗοιεν
615 2214 692 2252 eet.
725 2223 764 2252 v.
797 2210 883 2252 tab.
915 2210 951 2251 A
982 2210 1015 2253 Ι.
1081 2211 1132 2253 In
1163 2210 1229 2254 his
1260 2211 1455 2254 omnibus
1486 2212 1656 2266 spirans

158 2278 319 2320 interiit
349 2277 468 2319 nullo
499 2275 676 2329 vestigio
708 2275 868 2319 relietO.
926 2275 993 2317 Ex
1030 2275 1097 2319 his
1132 2281 1274 2319 autem
1303 2276 1449 2319 formis
1479 2277 1655 2320 assimu-

158 2342 320 2386 latione
349 2341 488 2386 factae
519 2345 615 2385 sunt
652 2340 924 2395 progressiva
963 2337 1117 2397 ὁράαν,
1158 2340 1448 2393 ναιετάασκε,
1493 2355 1657 2397 regres-

159 2408 252 2451 siva
284 2405 424 2463 ὁρόω,
467 2404 676 2462 ὁρόωντο,
717 2406 936 2460 reciproca
966 2404 1156 2461 ὁρόωσι,
1198 2403 1376 2463 ὁρόωσα
1417 2411 1472 2460 (V.
1504 2409 1589 2451 tab.
1622 2409 1655 2450 B

253 2574 292 2614 ¹¹)
337 2573 416 2609 Hoc
453 2582 598 2608 numero
637 2572 890 2617 comprehendi
928 2572 1035 2608 etiam
1070 2573 1178 2607 verba
1215 2573 1392 2618 simplicia
1427 2574 1464 2609 in
1497 2586 1580 2615 -αω,
1616 2578 1658 2608 ut

159 2626 245 2670 φάω
271 2627 316 2662 al.
