1803 3230
154 281 168 317 1
181 279 201 317 7
209 278 233 318 8
814 278 985 323 Mangold

145 394 811 448 technisch-poetischen,
859 395 937 437 das
977 408 1056 436 nur
1094 407 1171 436 aus
1214 393 1289 436 der
1319 393 1447 435 Seele
1478 393 1552 436 der
1584 393 1653 437 die

147 460 415 503 homerische
446 459 638 514 Sprache
669 460 1032 503 constituirenden
1063 459 1227 513 Sanger
1259 459 1414 501 heraus
1444 458 1652 512 begriffen

147 526 250 569 oder
299 551 354 555 -—
404 526 472 568 bis
511 540 562 568 zu
601 526 739 569 einem
771 527 981 580 gewissen
1012 525 1155 568 Grade
1197 524 1270 566 des
1300 523 1652 568 Verstandnisses

145 592 352 645 gebracht
382 591 557 634 werden
588 591 812 645 kann.“²³)

259 656 326 698 Ita
363 656 493 710 igitur
532 656 689 698 formas
730 655 952 711 ὁρόωντα,
996 653 1162 711 ὁρόῳτε
1205 656 1261 697 al.
1301 658 1415 696 ortas
1456 667 1551 697 esse
1582 668 1651 697 ex-

146 722 308 773 istimo,
357 727 403 763 ut
434 735 485 765 eo
515 727 727 775 tempore,
778 736 859 775 quo
890 722 933 763 in
965 734 1161 763 sermone
1191 719 1355 773 vulgari
1380 719 1473 773 jam
1505 721 1650 763 nullae

145 787 260 830 aliae
290 787 453 829 formae
483 787 566 829 nisi
604 790 849 828 contractae
887 790 1212 842 usurparentur,
1264 785 1468 839 rhapsodi
1507 798 1650 828 recen-
1714 809 1719 818 ·

146 854 298 906 tiores,
351 866 443 895 cum
479 853 571 907 jam
611 866 698 895 non
736 852 847 895 bene
877 853 1197 906 intellegerent,
1249 865 1358 905 quae
1396 852 1648 902 essetratio

145 919 376 961 formarum
407 933 434 960 a
463 918 699 972 majoribus
732 923 1024 971 acceptarum,
1065 918 1138 959 sed
1179 931 1252 960 eas
1291 918 1515 960 distractas
1555 931 1649 961 esse

147 997 170 1026 e
190 984 350 1036 formis,
383 982 535 1036 quibus
564 983 647 1037 ipsi
672 986 903 1034 uterentur,
936 983 1163 1025 contractis
1194 987 1405 1036 putarent,
1438 997 1514 1036 pro
1546 980 1648 1035 ὁρό-

146 1065 264 1097 οντα,
297 1046 476 1102 ὁρόοιτε
509 1048 595 1089 levi
626 1047 861 1088 mutatione
892 1044 1113 1099 ὁρόωντα,
1151 1043 1319 1100 ὁρόῳτε
1352 1053 1525 1089 cantare
1557 1061 1648 1090 coe—

143 1114 319 1167 pissent.
380 1112 449 1153 Ad
488 1112 599 1154 hanc
630 1124 731 1153 vero
762 1111 914 1153 falsam
947 1111 1340 1164 pronuntiationem
1371 1112 1496 1154 facile
1527 1113 1648 1167 pelli-

142 1178 363 1221 ciebantur
392 1177 644 1229 formarum,
676 1177 721 1218 in
752 1176 904 1229 quibus
929 1177 1026 1230 jure
1060 1193 1120 1217 ow
1153 1177 1509 1231 pronuntiaretur,
1542 1180 1648 1220 mul-

141 1243 336 1295 titudine,
370 1243 488 1284 velut
519 1239 697 1292 ἀντιόω,
727 1240 963 1298 μητιόωσα
994 1242 1061 1292 (cf.
1095 1243 1180 1284 tab.
1213 1243 1267 1295 II,
1303 1246 1364 1295 la,
1396 1243 1473 1296 III,
1511 1247 1588 1294 Ia).

257 1308 361 1350 Cum
392 1312 534 1350 autem
564 1307 767 1361 rhapsodi
799 1308 863 1349 illi
894 1309 1083 1349 carmina
1113 1309 1343 1351 memoriae
1373 1309 1531 1351 tradita
1559 1324 1645 1352 non

141 1387 312 1427 prorsus
342 1373 569 1414 immutata
597 1373 847 1423 recitarent,
887 1373 1012 1414 facile
1044 1373 1133 1414 fieri
1164 1374 1312 1427 potuit,
1344 1379 1390 1414 ut
1420 1375 1514 1426 quis
1544 1388 1645 1416 ana-

141 1439 256 1492 logia
291 1438 495 1491 deceptus
535 1437 756 1490 vulgarem
796 1435 887 1478 ἀλ1ῦ
927 1437 1182 1480 distraheret
1214 1438 1483 1491 Homeroque
1525 1437 1644 1481 ἀλόω

139 1505 318 1546 formam
348 1503 596 1545 inculcaret.
1636 1510 1639 1512 ’

255 1568 394 1611 Simili
425 1567 591 1610 ratione
613 1567 886 1620 recentiores,
913 1580 1007 1609 cum
1039 1581 1168 1622 saepe
1191 1569 1351 1611 vocalis
1382 1568 1521 1612 finalis
1551 1583 1644 1625 pro-

141 1635 368 1678 duceretur
399 1640 499 1676 ante
529 1634 736 1687 liquidam
768 1647 1000 1675 consonam
1040 1634 1237 1676 vocabuli
1276 1635 1478 1688 proximi,
1531 1636 1644 1689 quod

139 1702 282 1755 priore
321 1703 514 1754 tempore
553 1713 579 1741 a
614 1698 774 1753 duplici
817 1711 1003 1740 consona
1029 1699 1293 1754 incepisset,
1345 1700 1501 1754 ubique
1544 1706 1644 1744 ante

139 1766 327 1821 liquidas
357 1765 518 1807 licitam
550 1778 644 1808 esse
683 1765 893 1807 vocalium
934 1764 1255 1819 productionem
1297 1765 1529 1809 credebant
1567 1768 1643 1809 ita-

139 1845 221 1885 que
261 1832 389 1873 etiam
428 1836 530 1872 ante
569 1829 713 1883 λιγύς,
754 1833 892 1883 μέγας
931 1835 1023 1879 cet„
1075 1843 1184 1882 quae
1225 1844 1442 1883 nunquam
1483 1832 1642 1885 duplici

136 1910 327 1940 consona
356 1896 628 1950 inceperant,
676 1895 846 1937 vocales
884 1894 1178 1949 producebant
1218 1902 1272 1943 (v.
1307 1895 1420 1939 Curt.
1460 1896 1643 1951 „Studf‘

136 1964 210 2017 lV,
243 1964 325 2004 482
357 1974 480 2015 sqq).

249 2029 359 2070 Item
391 2039 444 2069 ex
476 2021 617 2069 errore
647 2025 978 2080 rhapsodorum,
1018 2041 1103 2067 non
1136 2039 1301 2079 eorum,
1351 2027 1420 2080 qui
1452 2028 1642 2070 carmina

134 2095 179 2136 in
209 2107 369 2135 novum
398 2092 679 2145 alphabetum
710 2093 1107 2145 transscripserunt,
1139 2092 1389 2146 imperfecta
1420 2092 1510 2149 ἔην,
1544 2091 1639 2149 ἤην,

135 2157 286 2215 ἔησθα
308 2156 572 2212 explicanda
593 2170 688 2199 esse
718 2162 833 2211 puto.
879 2156 998 2207 Quae
1020 2162 1243 2210 postquam
1268 2157 1437 2200 Curtius
1459 2157 1640 2210 „Stud.“

133 2225 168 2277 I,
200 2226 239 2277 2,
273 2215 479 2277 29061111.
519 2227 718 2278 corrupta
749 2236 844 2266 esse
875 2236 926 2265 ex
960 2221 1043 2273 ἔεν,
1080 2214 1167 2279 ἦεν,
1209 2221 1355 2266 ὲέσθα
1400 2224 1640 2278 suspicatus

133 2295 211 2343 est,
244 2289 463 2331 Hartelius
493 2289 521 2329 1.
553 2302 587 2330 c.
618 2292 671 2330 46
702 2302 792 2342 sqq.
826 2302 911 2330 non
943 2289 1099 2342 ubique
1130 2288 1215 2338 ὲέν,
1252 2280 1324 2344 ἦεν
1357 2289 1483 2331 scribi
1514 2303 1640 2343 posse

134 2354 456 2399 demonstravit.
505 2352 630 2405 Quod
660 2367 753 2396 cum
785 2367 839 2396 ne
869 2359 998 2397 antea
1028 2354 1198 2408 quidem
1229 2354 1304 2397 ille
1336 2355 1637 2408 contendisset,

132 2422 177 2463 in
208 2421 391 2475 epistola
421 2419 478 2462 ad
510 2419 745 2461 Hartelium
768 2420 926 2473 scripta
958 2417 1156 2473 („Stud.“
1180 2420 1251 2472 IV,
1278 2422 1358 2461 478
1382 2419 1462 2474 sq.)
1496 2420 1638 2464 formis

228 2586 271 2625 23)
295 2585 392 2619 Dicit
414 2585 504 2620 haec
530 2585 675 2621 Curtius
702 2584 867 2626 („Stud.“
891 2584 951 2627 IV,
968 2588 1046 2623 452)
1072 2584 1115 2620 de
1139 2585 1438 2630 productionibus
1464 2587 1638 2622 vocalium

133 2644 218 2676 ante
253 2638 406 2683 liquidas
438 2643 473 2673 61
503 2639 646 2674 nasales
683 2638 813 2681 factis;
853 2639 916 2673 sed
948 2638 1070 2673 eadem
1096 2638 1286 2674 deformis
1312 2639 1381 2673 illis
1417 2640 1637 2677 assimulatis

132 2695 250 2731 valere
273 2696 373 2739 puto.
