1803 3230
188 284 206 320 1
215 282 266 320 72
556 308 559 311 >
854 285 1027 331 Mangold

180 399 336 453 positio
365 398 456 440 fieri
487 400 673 453 potuerit
703 425 758 429 -
788 401 833 443 in
864 397 1098 456 *ὁρᾶωντα
1134 403 1237 450 (tum
1267 400 1313 441 in
1344 397 1560 455 ὁρόωντα)
1598 402 1687 445 abi-

182 465 272 507 erit.
334 463 429 516 Qua
467 465 634 508 ratione
673 470 715 508 et
756 465 982 518 ἱλᾶονται,
1028 463 1210 522 γοᾶοιεν
1251 466 1341 508 sim.
1393 471 1434 508 et
1473 463 1685 520 ὁρόωντο,

180 528 403 586 τρυγόῳεν
434 531 539 573 satis
570 531 682 574 bene
712 532 993 587 explicantur.
1045 533 1130 576 Sed
1151 536 1253 586 tum,
1285 531 1495 585 quomodo
1525 532 1688 577 formae

183 592 402 653 ἡβώοντα,
434 595 638 650 μνώοντο
671 602 790 641 ortae
821 599 919 652 sint,
953 599 1125 641 omnino
1155 612 1243 641 non
1273 597 1548 652 intellegitur.

296 662 384 706 Sed
422 662 542 706 aliud
583 663 714 719 idque
751 665 1050 719 gravissimum
1088 668 1383 726 argumentum
1419 664 1685 708 afferendum

182 733 259 772 est.
321 729 410 772 Eas
449 729 563 772 enim
602 734 767 772 tantum
805 731 984 784 formas,
1035 735 1081 772 ut
1114 730 1208 785 jam
1238 730 1326 773 Leo
1356 729 1555 786 Meyerus
1592 744 1687 786 per-

181 794 337 849 spexit,
369 795 644 838 assimulatas
673 796 929 850 reperimus‚
961 809 1138 850 quarum
1168 795 1378 850 posterior
1407 796 1569 840 vocalis
1592 796 1686 851 Jam

181 864 285 903 ante
321 860 441 902 illam
481 860 856 915 transpositionem
901 867 975 904 aut
1011 865 1163 903 natura
1200 865 1274 903 aut
1311 860 1523 915 positione
1556 862 1688 917 longa

182 926 331 970 fuerit:
380 925 443 968 ita
472 929 517 968 ut
547 925 782 969 certissimo
812 927 909 980 illo,
951 926 1064 981 quod
1093 930 1272 969 metrum
1302 927 1495 981 praebet,
1537 927 1687 971 funda-

183 996 326 1034 mento
358 995 501 1033 eareat
528 991 607 1032 illa
635 993 848 1034 sententia
876 997 1006 1044 atque
1043 991 1088 1032 in
1119 991 1212 1032 sola
1243 991 1549 1046 orthographia
1577 993 1687 1035 nita-

182 1062 260 1099 tur.
320 1055 548 1110 Nunquam
588 1068 688 1099 vero
727 1056 838 1099 tales
875 1055 1150 1098 inveniuntur
1185 1055 1255 1097 vel
1284 1055 1500 1110 integrae:
1551 1052 1687 1113 ὁράο-

179 1137 274 1174 μεν,
307 1118 480 1176 ὁράετε,
513 1117 721 1176 ὁράομαι,
755 1118 946 1176 ὁράαται
977 1154 987 1163 .
1010 1153 1020 1162 .
1044 1152 1053 1161 .
1078 1154 1087 1162 .
1118 1121 1189 1163 vel
1220 1116 1521 1165 affsi'ffiillatae:
1553 1118 1686 1178 ὁρόο-

178 1202 273 1240 μεν,
315 1182 480 1243 ὁράατε
521 1219 529 1227 .
563 1218 573 1227 .
606 1200 639 1240 .;
685 1198 770 1240 qua
810 1186 898 1229 alia
936 1185 991 1229 de
1032 1198 1162 1229 eausa
1202 1199 1329 1241 quam
1368 1186 1468 1242 quia
1511 1192 1687 1243 propter

177 1254 336 1295 multas
374 1252 568 1308 syllabas
605 1251 760 1295 breves
797 1252 842 1294 in
880 1264 1050 1295 versum
1089 1265 1176 1295 non
1206 1251 1512 1309 quadrantP¹⁸)
1572 1253 1685 1296 Nam

177 1319 213 1361 si
251 1318 367 1373 prior
405 1317 578 1373 syllaba
623 1328 792 1372 semper
835 1317 907 1360 vel
956 1321 1121 1360 tantum
1159 1330 1290 1373 saepe
1334 1317 1543 1373 producta
1579 1324 1685 1373 erat,

178 1384 281 1439 quid
301 1383 580 1439 impediebat,
612 1383 838 1438 quominus
867 1387 997 1437 poeta
1018 1382 1085 1426 his
1112 1382 1259 1426 formis
1278 1387 1486 1427 uteretur:
1518 1379 1686 1439 *ὁρᾶσ-

176 1465 273 1503 μεν,
304 1445 495 1505 *ὁρᾶετε
528 1452 609 1491 eet.
638 1449 710 1492 vel
739 1443 988 1503 *ὁρωομεν,
1020 1444 1214 1504 *ὁρᾶἇτε
1237 1453 1315 1493 cet.
1337 1449 1407 1492 vel
1437 1445 1685 1504 *ὁροωμεν,

178 1513 372 1569 *ὁρᾶἇτε
405 1514 521 1558 eet?

291 1582 348 1623 At
378 1580 492 1623 enim
524 1579 737 1634 quomodo
768 1578 978 1621 Homerus
1007 1578 1154 1622 formis
1191 1578 1277 1622 illis
1316 1582 1403 1621 tam
1434 1580 1687 1624 necessariis

179 1644 389 1702 ὃράομεν,
421 1641 593 1702 ὁράετε,
631 1642 769 1701 ὅραον
800 1649 878 1688 cet.
911 1656 1057 1688 carere
1086 1643 1258 1699 potuit?

294 1712 454 1755 Videas
484 1725 612 1765 quam
642 1711 801 1753 bonum
831 1711 868 1754 is
906 1710 1034 1765 hujus
1065 1709 1212 1753 damni
1242 1710 1477 1754 remedium
1506 1710 1685 1755 adhibu-

178 1778 278 1821 erit:
311 1777 455 1820 aetiva
476 1777 589 1820 enim
620 1776 758 1819 forma
786 1776 859 1818 ubi
889 1789 977 1818 non
1007 1775 1189 1830 quadrat
1217 1775 1262 1817 in
1292 1788 1477 1830 versum,
1508 1782 1686 1831 usurpat

177 1843 364 1887 mediam
405 1847 447 1885 et
485 1842 652 1885 vicibus
690 1841 840 1885 versis.
898 1841 966 1883 Ita
994 1841 1113 1883 verbi
1145 1839 1314 1882 ἀντιάω
1350 1853 1519 1896 semper
1554 1841 1686 1883 utitur

175 1909 319 1951 activa
348 1908 486 1950 forma
517 1911 572 1959 (v.
604 1907 762 1959 tabb.)‚
795 1905 871 1950 sed
901 1906 1035 1949 semel
1068 1906 1109 1947 Ω
1141 1907 1193 1948 62
1226 1904 1496 1962 ἠντιοΐασθε.
1555 1906 1684 1949 Verbi

174 1972 488 2030 ἀμφαφάομαι
528 1977 699 2016 exstant
736 1972 820 2015 hae
856 1971 1017 2013 formae
1048 1968 1384 2028 ἀμφαφόωντο,
1430 1967 1685 2027 ἀμφαφάα-

175 2042 304 2090 σθαι,
335 2051 476 2093 neque
498 2051 607 2082 vero
638 2034 1065 2094 *ἀμφαφοωμενος,
1107 2035 1184 2079 sed
1216 2033 1487 2094 ἀμφοφόων,
1529 2033 1684 2093 ἀμφα-

175 2105 361 2162 φόωσα,
402 2102 755 2160 ἀμφαφόωντες.
813 2103 922 2145 Item
953 2100 1199 2159 μητιόωσι,
1239 2118 1353 2153 -ντι,
1397 2116 1541 2151 -ντες,
1587 2116 1682 2153 -σα,

174 2170 251 2214 sed
282 2168 560 2227 μητιάασθε,
599 2167 865 2226 μητιόωντο,
908 2166 1306 2224 ξυμμητιάασθαις
1343 2164 1681 2224 μηχανάασθαι,

171 2234 488 2293 μηχανάασθε,
519 2232 845 2291 μηχανόωνται,
875 2249 987 2285 -ντο,
1018 2232 1295 2289 μηχανόῳτο,
1320 2231 1404 2294 Αειεθᾶ
1423 2231 1684 2288 μηχανόων-

171 2317 276 2353 τας,·
322 2296 456 2355 ὁρόω,
498 2296 657 2354 ὁρόων,
697 2296 839 2355 ὁράᾳς
877 2302 956 2341 eet.
1000 2306 1183 2352 (semper
1212 2298 1357 2341 activa
1385 2297 1558 2351 forma),
1606 2298 1683 2341 sed

174 2365 473 2422 εἷςοράασθε,
521 2363 812 2420 εἰςορόωντο,
857 2360 1103 2418 ὁράασθαι.
1164 2363 1330 2406 Eadem
1370 2361 1423 2405 de
1453 2375 1583 2406 causa
1620 2363 1682 2406 in-

171 2432 367 2474 venimus
398 2427 606 2481 ὗλάουσι,
639 2426 786 2479 ὑλάει,
832 2428 909 2471 sed
940 2425 1126 2470 ὑλάοντο
1162 2427 1215 2483 (π
1249 2428 1371 2484 162),
1423 2441 1680 2483 quamquam

172 2497 301 2540 etiam
323 2494 457 2538 ὕλαον
483 2500 535 2546 (rr
557 2498 598 2545 5)
622 2495 773 2537 ultima
801 2493 1013 2548 positione
1044 2494 1251 2548 producta
1271 2493 1468 2549 usurpari
1500 2499 1679 2548 poterat.

268 2650 307 2690 ¹⁸)
347 2645 491 2692 ἐχράετ’
520 2658 606 2682 sane
631 2646 802 2691 usurpari
835 2648 979 2691 poterat
1004 2646 1142 2692 syllaba
1173 2646 1298 2681 ultima
1322 2646 1483 2691 abjecta;
1524 2644 1679 2692 itemque

173 2702 283 2736 ἄαται
308 2700 538 2748 trisyllabum
563 2712 635 2737 non
659 2703 831 2738 abhorret
856 2712 877 2736 a
901 2711 1005 2737 versu
1030 2701 1186 2737 heroico.
