<?xml version="1.0" encoding="UTF-8"?>
<!DOCTYPE html PUBLIC "-//W3C//DTD XHTML 1.0 Transitional//EN"
    "http://www.w3.org/TR/xhtml1/DTD/xhtml1-transitional.dtd">
<html xmlns="http://www.w3.org/1999/xhtml" xml:lang="en" lang="en">
 <head>
  <title>
</title>
<meta http-equiv="Content-Type" content="text/html;charset=utf-8" />
  <meta name='ocr-system' content='tesseract 3.04.00' />
  <meta name='ocr-capabilities' content='ocr_page ocr_carea ocr_par ocr_line ocrx_word'/>
</head>
<body>
  <div class='ocr_page' id='page_1' title='image "4627545_0018.png"; bbox 0 0 1803 3230; ppageno 0'>
   <div class='ocr_carea' id='block_1_1' title="bbox 155 289 992 334">
    <p class='ocr_par' dir='ltr' id='par_1_1' title="bbox 155 289 992 334">
     <span class='ocr_line' id='line_1_1' title="bbox 155 289 992 334; baseline -0.007 -4"><span class='ocrx_word' id='word_1_1' title='bbox 155 291 236 330; x_wconf 87' lang='lat'>150</span> <span class='ocrx_word' id='word_1_2' title='bbox 821 289 992 334; x_wconf 80' lang='lat' dir='ltr'>Mangold</span> 
     </span>
    </p>
   </div>
   <div class='ocr_carea' id='block_1_2' title="bbox 151 405 1658 721">
    <p class='ocr_par' dir='ltr' id='par_1_2' title="bbox 151 405 1658 721">
     <span class='ocr_line' id='line_1_2' title="bbox 266 405 1656 460; baseline 0.003 -12"><span class='ocrx_word' id='word_1_3' title='bbox 266 406 578 449; x_wconf 89' lang='lat' dir='ltr'>Posterioribus</span> <span class='ocrx_word' id='word_1_4' title='bbox 608 418 714 448; x_wconf 87' lang='lat' dir='ltr'>sane</span> <span class='ocrx_word' id='word_1_5' title='bbox 745 405 1033 460; x_wconf 82' lang='lat' dir='ltr'><strong>temporibus,</strong></span> <span class='ocrx_word' id='word_1_6' title='bbox 1070 410 1117 448; x_wconf 92' lang='lat' dir='ltr'>ut</span> <span class='ocrx_word' id='word_1_7' title='bbox 1145 406 1354 460; x_wconf 82' lang='lat' dir='ltr'>imprimis</span> <span class='ocrx_word' id='word_1_8' title='bbox 1384 421 1438 451; x_wconf 84' lang='lat' dir='ltr'>ex</span> <span class='ocrx_word' id='word_1_9' title='bbox 1467 411 1656 454; x_wconf 89' lang='lat' dir='ltr'>versibus</span> 
     </span>
     <span class='ocr_line' id='line_1_3' title="bbox 155 470 1657 529; baseline 0.003 -14"><span class='ocrx_word' id='word_1_10' title='bbox 155 472 341 528; x_wconf 79' lang='lat' dir='ltr'>politicis</span> <span class='ocrx_word' id='word_1_11' title='bbox 379 471 671 525; x_wconf 81' lang='lat' dir='ltr'>cognoscitur,</span> <span class='ocrx_word' id='word_1_12' title='bbox 712 470 801 513; x_wconf 89' lang='lat' dir='ltr'>alia</span> <span class='ocrx_word' id='word_1_13' title='bbox 841 484 977 525; x_wconf 87' lang='lat' dir='ltr'>eaque</span> <span class='ocrx_word' id='word_1_14' title='bbox 1015 470 1072 512; x_wconf 89' lang='lat' dir='ltr'>ad</span> <span class='ocrx_word' id='word_1_15' title='bbox 1109 476 1300 514; x_wconf 87' lang='lat' dir='ltr'>nostram</span> <span class='ocrx_word' id='word_1_16' title='bbox 1340 474 1515 529; x_wconf 89' lang='lat' dir='ltr'>propius</span> <span class='ocrx_word' id='word_1_17' title='bbox 1544 489 1657 519; x_wconf 89' lang='lat' dir='ltr'>acce-</span> 
     </span>
     <span class='ocr_line' id='line_1_4' title="bbox 152 536 1655 592; baseline 0.001 -13"><span class='ocrx_word' id='word_1_18' title='bbox 152 539 281 580; x_wconf 90' lang='lat' dir='ltr'>dente</span> <span class='ocrx_word' id='word_1_19' title='bbox 329 536 495 579; x_wconf 88' lang='lat' dir='ltr'>ratione</span> <span class='ocrx_word' id='word_1_20' title='bbox 553 536 747 592; x_wconf 80' lang='lat' dir='ltr'>syllabas</span> <span class='ocrx_word' id='word_1_21' title='bbox 796 541 977 579; x_wconf 88' lang='lat' dir='ltr'>accentu</span> <span class='ocrx_word' id='word_1_22' title='bbox 1025 536 1255 578; x_wconf 88' lang='lat' dir='ltr'>instructas</span> <span class='ocrx_word' id='word_1_23' title='bbox 1309 540 1655 591; x_wconf 84' lang='lat' dir='ltr'>pronuntiabant.</span> 
     </span>
     <span class='ocr_line' id='line_1_5' title="bbox 152 601 1658 657; baseline 0.003 -12"><span class='ocrx_word' id='word_1_24' title='bbox 152 606 262 645; x_wconf 88' lang='lat' dir='ltr'>Tum</span> <span class='ocrx_word' id='word_1_25' title='bbox 293 606 438 645; x_wconf 87' lang='lat' dir='ltr'>autem</span> <span class='ocrx_word' id='word_1_26' title='bbox 468 602 643 645; x_wconf 85' lang='lat' dir='ltr'>fortiore</span> <span class='ocrx_word' id='word_1_27' title='bbox 672 601 954 657; x_wconf 82' lang='lat' dir='ltr'>respiratione</span> <span class='ocrx_word' id='word_1_28' title='bbox 984 614 1071 643; x_wconf 93' lang='lat' dir='ltr'>non</span> <span class='ocrx_word' id='word_1_29' title='bbox 1102 602 1241 643; x_wconf 87' lang='lat' dir='ltr'>solum</span> <span class='ocrx_word' id='word_1_30' title='bbox 1262 603 1459 657; x_wconf 84' lang='lat' dir='ltr'>syllabae</span> <span class='ocrx_word' id='word_1_31' title='bbox 1488 607 1658 649; x_wconf 89' lang='lat' dir='ltr'>circum-</span> 
     </span>
     <span class='ocr_line' id='line_1_6' title="bbox 151 667 1556 721; baseline 0.002 -11"><span class='ocrx_word' id='word_1_32' title='bbox 151 668 304 721; x_wconf 81' lang='lat' dir='ltr'>flexae,</span> <span class='ocrx_word' id='word_1_33' title='bbox 336 681 485 710; x_wconf 83' lang='lat' dir='ltr'>verum</span> <span class='ocrx_word' id='word_1_34' title='bbox 516 667 668 710; x_wconf 91' lang='lat' dir='ltr'>eodem</span> <span class='ocrx_word' id='word_1_35' title='bbox 698 667 826 709; x_wconf 91' lang='lat' dir='ltr'>modo</span> <span class='ocrx_word' id='word_1_36' title='bbox 858 667 986 709; x_wconf 88' lang='lat' dir='ltr'>etiam</span> <span class='ocrx_word' id='word_1_37' title='bbox 1016 671 1168 708; x_wconf 86' lang='lat' dir='ltr'>acutae</span> <span class='ocrx_word' id='word_1_38' title='bbox 1197 667 1556 720; x_wconf 81' lang='lat' dir='ltr'>producebantur.</span> 
     </span>
    </p>
   </div>
   <div class='ocr_carea' id='block_1_3' title="bbox 149 750 1663 1392">
    <p class='ocr_par' dir='ltr' id='par_1_3' title="bbox 149 750 1663 1392">
     <span class='ocr_line' id='line_1_7' title="bbox 268 750 1659 809; baseline 0.004 -16"><span class='ocrx_word' id='word_1_39' title='bbox 268 750 440 794; x_wconf 80' lang='lat' dir='ltr'>Deinde</span> <span class='ocrx_word' id='word_1_40' title='bbox 484 763 586 794; x_wconf 86' lang='lat' dir='ltr'>vero</span> <span class='ocrx_word' id='word_1_41' title='bbox 626 750 750 793; x_wconf 84' lang='lat' dir='ltr'>Suhli</span> <span class='ocrx_word' id='word_1_42' title='bbox 788 750 862 792; x_wconf 83' lang='lat' dir='ltr'>lex</span> <span class='ocrx_word' id='word_1_43' title='bbox 904 762 1077 804; x_wconf 89' lang='lat' dir='ltr'>prorsus</span> <span class='ocrx_word' id='word_1_44' title='bbox 1114 753 1309 803; x_wconf 85' lang='lat' dir='ltr'>vagatur.</span> <span class='ocrx_word' id='word_1_45' title='bbox 1370 751 1436 794; x_wconf 93' lang='lat' dir='ltr'>De</span> <span class='ocrx_word' id='word_1_46' title='bbox 1480 753 1659 809; x_wconf 86' lang='lat' dir='ltr'>syllabis</span> 
     </span>
     <span class='ocr_line' id='line_1_8' title="bbox 153 814 1658 869; baseline 0 -10"><span class='ocrx_word' id='word_1_47' title='bbox 153 821 323 859; x_wconf 91' lang='lat' dir='ltr'>tantum</span> <span class='ocrx_word' id='word_1_48' title='bbox 353 820 534 858; x_wconf 87' lang='lat' dir='ltr'>accentu</span> <span class='ocrx_word' id='word_1_49' title='bbox 562 815 773 869; x_wconf 88' lang='lat' dir='ltr'>praeditis</span> <span class='ocrx_word' id='word_1_50' title='bbox 802 816 1000 869; x_wconf 88' lang='lat' dir='ltr'>loquitur,</span> <span class='ocrx_word' id='word_1_51' title='bbox 1051 814 1105 856; x_wconf 93' lang='lat' dir='ltr'>de</span> <span class='ocrx_word' id='word_1_52' title='bbox 1143 814 1239 856; x_wconf 87' lang='lat' dir='ltr'>aliis</span> <span class='ocrx_word' id='word_1_53' title='bbox 1277 815 1385 857; x_wconf 92' lang='lat' dir='ltr'>nihil</span> <span class='ocrx_word' id='word_1_54' title='bbox 1416 832 1494 861; x_wconf 91' lang='lat' dir='ltr'>nos</span> <span class='ocrx_word' id='word_1_55' title='bbox 1525 819 1658 862; x_wconf 91' lang='lat' dir='ltr'>docet.</span> 
     </span>
     <span class='ocr_line' id='line_1_9' title="bbox 154 877 1657 941; baseline 0.002 -17"><span class='ocrx_word' id='word_1_56' title='bbox 154 881 380 934; x_wconf 80' lang='lat' dir='ltr'>Quomodo</span> <span class='ocrx_word' id='word_1_57' title='bbox 412 894 512 935; x_wconf 90' lang='lat' dir='ltr'>ergo</span> <span class='ocrx_word' id='word_1_58' title='bbox 547 880 920 934; x_wconf 90' lang='lat' dir='ltr'>pronuntiabimus</span> <span class='ocrx_word' id='word_1_59' title='bbox 951 896 985 921; x_wconf 89' lang='grc' dir='ltr'>ω</span> <span class='ocrx_word' id='word_1_60' title='bbox 1016 880 1061 922; x_wconf 94' lang='lat' dir='ltr'>in</span> <span class='ocrx_word' id='word_1_61' title='bbox 1093 877 1362 935; x_wconf 72' lang='grc' dir='ltr'><em>ἄνθρωπος,</em></span> <span class='ocrx_word' id='word_1_62' title='bbox 1405 899 1419 924; x_wconf 93' lang='grc' dir='ltr'><em>ι</em></span> <span class='ocrx_word' id='word_1_63' title='bbox 1458 884 1503 926; x_wconf 92' lang='lat' dir='ltr'>in</span> <span class='ocrx_word' id='word_1_64' title='bbox 1541 883 1657 941; x_wconf 84' lang='grc' dir='ltr'><em>τιμή,</em></span> 
     </span>
     <span class='ocr_line' id='line_1_10' title="bbox 153 944 1661 1004; baseline 0.001 -15"><span class='ocrx_word' id='word_1_65' title='bbox 153 964 179 1004; x_wconf 84' lang='grc' dir='ltr'>η</span> <span class='ocrx_word' id='word_1_66' title='bbox 212 948 257 989; x_wconf 94' lang='lat' dir='ltr'>in</span> <span class='ocrx_word' id='word_1_67' title='bbox 289 944 510 1001; x_wconf 67' lang='grc' dir='ltr'><em>πολίτηςῖ</em></span> <span class='ocrx_word' id='word_1_68' title='bbox 561 944 727 986; x_wconf 85' lang='lat' dir='ltr'>Suntne</span> <span class='ocrx_word' id='word_1_69' title='bbox 749 945 833 986; x_wconf 90' lang='lat' dir='ltr'>hae</span> <span class='ocrx_word' id='word_1_70' title='bbox 854 945 1026 986; x_wconf 88' lang='lat' dir='ltr'>vocales</span> <span class='ocrx_word' id='word_1_71' title='bbox 1057 949 1209 998; x_wconf 89' lang='lat' dir='ltr'>„acute</span> <span class='ocrx_word' id='word_1_72' title='bbox 1233 946 1420 999; x_wconf 89' lang='lat' dir='ltr'>longae“</span> <span class='ocrx_word' id='word_1_73' title='bbox 1440 961 1495 989; x_wconf 89' lang='lat' dir='ltr'>an</span> <span class='ocrx_word' id='word_1_74' title='bbox 1518 963 1661 1003; x_wconf 89' lang='lat' dir='ltr'>„pror-</span> 
     </span>
     <span class='ocr_line' id='line_1_11' title="bbox 152 1009 1662 1068; baseline 0.001 -13"><span class='ocrx_word' id='word_1_75' title='bbox 152 1026 226 1055; x_wconf 90' lang='lat' dir='ltr'>sus</span> <span class='ocrx_word' id='word_1_76' title='bbox 256 1009 474 1064; x_wconf 78' lang='lat' dir='ltr'>longae“‘?</span> <span class='ocrx_word' id='word_1_77' title='bbox 533 1009 584 1051; x_wconf 94' lang='lat' dir='ltr'>Id</span> <span class='ocrx_word' id='word_1_78' title='bbox 615 1009 728 1052; x_wconf 92' lang='lat' dir='ltr'>enim</span> <span class='ocrx_word' id='word_1_79' title='bbox 760 1022 847 1050; x_wconf 92' lang='lat' dir='ltr'>non</span> <span class='ocrx_word' id='word_1_80' title='bbox 877 1009 1161 1062; x_wconf 89' lang='lat' dir='ltr'>comperimus</span> <span class='ocrx_word' id='word_1_81' title='bbox 1192 1022 1246 1052; x_wconf 89' lang='lat' dir='ltr'>ex</span> <span class='ocrx_word' id='word_1_82' title='bbox 1276 1010 1359 1053; x_wconf 89' lang='lat' dir='ltr'>hac</span> <span class='ocrx_word' id='word_1_83' title='bbox 1388 1012 1481 1065; x_wconf 91' lang='lat' dir='ltr'>ejus</span> <span class='ocrx_word' id='word_1_84' title='bbox 1512 1015 1662 1068; x_wconf 87' lang='lat' dir='ltr'>regula</span> 
     </span>
     <span class='ocr_line' id='line_1_12' title="bbox 150 1072 1660 1132; baseline 0.003 -16"><span class='ocrx_word' id='word_1_85' title='bbox 150 1100 207 1106; x_wconf 91' lang='lat'>—-</span> <span class='ocrx_word' id='word_1_86' title='bbox 238 1075 336 1126; x_wconf 85' lang='lat' dir='ltr'>„die</span> <span class='ocrx_word' id='word_1_87' title='bbox 365 1074 527 1128; x_wconf 88' lang='lat' dir='ltr'>langen</span> <span class='ocrx_word' id='word_1_88' title='bbox 550 1073 711 1116; x_wconf 91' lang='lat' dir='ltr'>Vocale</span> <span class='ocrx_word' id='word_1_89' title='bbox 741 1072 946 1114; x_wconf 86' lang='lat' dir='ltr'>zerfallen</span> <span class='ocrx_word' id='word_1_90' title='bbox 974 1073 1019 1114; x_wconf 91' lang='lat' dir='ltr'>in</span> <span class='ocrx_word' id='word_1_91' title='bbox 1051 1076 1075 1114; x_wconf 84' lang='lat'><strong>2</strong></span> <span class='ocrx_word' id='word_1_92' title='bbox 1098 1074 1302 1126; x_wconf 88' lang='lat' dir='ltr'>Klassen,</span> <span class='ocrx_word' id='word_1_93' title='bbox 1339 1078 1377 1124; x_wconf 94' lang='lat'>1)</span> <span class='ocrx_word' id='word_1_94' title='bbox 1400 1077 1660 1132; x_wconf 88' lang='lat' dir='ltr'>diejenigen,</span> 
     </span>
     <span class='ocr_line' id='line_1_13' title="bbox 150 1137 1663 1195; baseline 0 -9"><span class='ocrx_word' id='word_1_95' title='bbox 150 1142 337 1195; x_wconf 85' lang='lat' dir='ltr'>welche,</span> <span class='ocrx_word' id='word_1_96' title='bbox 369 1153 497 1183; x_wconf 92' lang='lat' dir='ltr'>wenn</span> <span class='ocrx_word' id='word_1_97' title='bbox 527 1139 590 1182; x_wconf 91' lang='lat' dir='ltr'>sie</span> <span class='ocrx_word' id='word_1_98' title='bbox 621 1139 771 1182; x_wconf 88' lang='lat' dir='ltr'>betont</span> <span class='ocrx_word' id='word_1_99' title='bbox 801 1137 921 1188; x_wconf 87' lang='lat' dir='ltr'>sind,</span> <span class='ocrx_word' id='word_1_100' title='bbox 964 1137 1048 1181; x_wconf 90' lang='lat' dir='ltr'>den</span> <span class='ocrx_word' id='word_1_101' title='bbox 1080 1139 1198 1181; x_wconf 87' lang='lat' dir='ltr'>Akut</span> <span class='ocrx_word' id='word_1_102' title='bbox 1227 1140 1370 1185; x_wconf 88' lang='lat' dir='ltr'>haben</span> <span class='ocrx_word' id='word_1_103' title='bbox 1407 1141 1497 1184; x_wconf 90' lang='lat' dir='ltr'>und</span> <span class='ocrx_word' id='word_1_104' title='bbox 1527 1143 1663 1186; x_wconf 88' lang='lat' dir='ltr'>daher</span> 
     </span>
     <span class='ocr_line' id='line_1_14' title="bbox 150 1203 1660 1269; baseline 0.001 -20"><span class='ocrx_word' id='word_1_105' title='bbox 150 1206 410 1249; x_wconf 90' lang='lat' dir='ltr'>akutiseh</span> <span class='ocrx_word' id='word_1_106' title='bbox 449 1206 578 1269; x_wconf 84' lang='lat' dir='ltr'>lang</span> <span class='ocrx_word' id='word_1_107' title='bbox 623 1208 818 1258; x_wconf 89' lang='lat' dir='ltr'>genannt</span> <span class='ocrx_word' id='word_1_108' title='bbox 855 1203 1030 1245; x_wconf 86' lang='lat' dir='ltr'>werden</span> <span class='ocrx_word' id='word_1_109' title='bbox 1069 1208 1246 1258; x_wconf 71' lang='lat' dir='ltr'>mogen,</span> <span class='ocrx_word' id='word_1_110' title='bbox 1308 1208 1348 1255; x_wconf 84' lang='lat'>2)</span> <span class='ocrx_word' id='word_1_111' title='bbox 1400 1206 1660 1261; x_wconf 87' lang='lat' dir='ltr'>diejenigen,</span> 
     </span>
     <span class='ocr_line' id='line_1_15' title="bbox 149 1267 1662 1325; baseline 0.002 -11"><span class='ocrx_word' id='word_1_112' title='bbox 149 1271 329 1324; x_wconf 83' lang='lat' dir='ltr'>welche,</span> <span class='ocrx_word' id='word_1_113' title='bbox 360 1283 488 1313; x_wconf 89' lang='lat' dir='ltr'>wenn</span> <span class='ocrx_word' id='word_1_114' title='bbox 518 1269 582 1312; x_wconf 89' lang='lat' dir='ltr'>sie</span> <span class='ocrx_word' id='word_1_115' title='bbox 612 1269 762 1312; x_wconf 90' lang='lat' dir='ltr'>betont</span> <span class='ocrx_word' id='word_1_116' title='bbox 790 1267 902 1320; x_wconf 79' lang='lat' dir='ltr'>sind,</span> <span class='ocrx_word' id='word_1_117' title='bbox 936 1268 1017 1311; x_wconf 90' lang='lat' dir='ltr'>den</span> <span class='ocrx_word' id='word_1_118' title='bbox 1051 1267 1305 1313; x_wconf 84' lang='lat' dir='ltr'>Circumflex</span> <span class='ocrx_word' id='word_1_119' title='bbox 1335 1271 1499 1325; x_wconf 90' lang='lat' dir='ltr'>haben;</span> <span class='ocrx_word' id='word_1_120' title='bbox 1544 1271 1662 1316; x_wconf 89' lang='lat' dir='ltr'>diese</span> 
     </span>
     <span class='ocr_line' id='line_1_16' title="bbox 151 1333 888 1392; baseline -0.005 -12"><span class='ocrx_word' id='word_1_121' title='bbox 151 1342 309 1392; x_wconf 75' lang='lat' dir='ltr'>mogen</span> <span class='ocrx_word' id='word_1_122' title='bbox 339 1349 471 1390; x_wconf 87' lang='lat' dir='ltr'>ganz</span> <span class='ocrx_word' id='word_1_123' title='bbox 501 1335 632 1389; x_wconf 90' lang='lat' dir='ltr'>lang</span> <span class='ocrx_word' id='word_1_124' title='bbox 662 1333 888 1384; x_wconf 76' lang='lat' dir='ltr'>heissen.“v</span> 
     </span>
    </p>
   </div>
   <div class='ocr_carea' id='block_1_4' title="bbox 152 1415 1663 1803">
    <p class='ocr_par' dir='ltr' id='par_1_4' title="bbox 152 1415 1663 1803">
     <span class='ocr_line' id='line_1_17' title="bbox 268 1415 1662 1470; baseline 0.001 -9"><span class='ocrx_word' id='word_1_125' title='bbox 268 1420 379 1461; x_wconf 84' lang='lat' dir='ltr'>Tum</span> <span class='ocrx_word' id='word_1_126' title='bbox 417 1422 464 1460; x_wconf 92' lang='lat' dir='ltr'>ut</span> <span class='ocrx_word' id='word_1_127' title='bbox 503 1418 658 1470; x_wconf 87' lang='lat' dir='ltr'>longas</span> <span class='ocrx_word' id='word_1_128' title='bbox 696 1418 869 1460; x_wconf 87' lang='lat' dir='ltr'>vocales</span> <span class='ocrx_word' id='word_1_129' title='bbox 918 1417 1030 1458; x_wconf 89' lang='lat' dir='ltr'>ultra</span> <span class='ocrx_word' id='word_1_130' title='bbox 1078 1415 1256 1460; x_wconf 89' lang='lat' dir='ltr'>duarum</span> <span class='ocrx_word' id='word_1_131' title='bbox 1294 1432 1508 1462; x_wconf 89' lang='lat' dir='ltr'>morarum</span> <span class='ocrx_word' id='word_1_132' title='bbox 1546 1432 1662 1463; x_wconf 91' lang='lat' dir='ltr'>men-</span> 
     </span>
     <span class='ocr_line' id='line_1_18' title="bbox 152 1481 1662 1539; baseline -0.001 -9"><span class='ocrx_word' id='word_1_133' title='bbox 152 1499 296 1530; x_wconf 89' lang='lat' dir='ltr'>suram</span> <span class='ocrx_word' id='word_1_134' title='bbox 326 1483 505 1539; x_wconf 87' lang='lat' dir='ltr'>produci</span> <span class='ocrx_word' id='word_1_135' title='bbox 534 1481 833 1537; x_wconf 82' lang='lat' dir='ltr'>concedamus,</span> <span class='ocrx_word' id='word_1_136' title='bbox 866 1483 1134 1539; x_wconf 88' lang='lat' dir='ltr'>diphthongi,</span> <span class='ocrx_word' id='word_1_137' title='bbox 1166 1497 1276 1538; x_wconf 89' lang='lat' dir='ltr'>quae</span> <span class='ocrx_word' id='word_1_138' title='bbox 1306 1498 1330 1527; x_wconf 94' lang='lat' dir='ltr'>e</span> <span class='ocrx_word' id='word_1_139' title='bbox 1359 1484 1524 1528; x_wconf 90' lang='lat' dir='ltr'>duobus</span> <span class='ocrx_word' id='word_1_140' title='bbox 1546 1484 1662 1528; x_wconf 89' lang='lat' dir='ltr'>sonis</span> 
     </span>
     <span class='ocr_line' id='line_1_19' title="bbox 152 1548 1663 1605; baseline -0.001 -11"><span class='ocrx_word' id='word_1_141' title='bbox 152 1553 485 1605; x_wconf 90' lang='lat' dir='ltr'>componantur,</span> <span class='ocrx_word' id='word_1_142' title='bbox 536 1548 657 1590; x_wconf 92' lang='lat' dir='ltr'>nullo</span> <span class='ocrx_word' id='word_1_143' title='bbox 705 1548 832 1591; x_wconf 90' lang='lat' dir='ltr'>modo</span> <span class='ocrx_word' id='word_1_144' title='bbox 879 1562 1124 1592; x_wconf 89' lang='lat' dir='ltr'>mensuram</span> <span class='ocrx_word' id='word_1_145' title='bbox 1168 1550 1408 1592; x_wconf 89' lang='lat' dir='ltr'>naturalem</span> <span class='ocrx_word' id='word_1_146' title='bbox 1453 1550 1663 1593; x_wconf 85' lang='lat' dir='ltr'>excedere</span> 
     </span>
     <span class='ocr_line' id='line_1_20' title="bbox 152 1612 1663 1672; baseline -0.002 -13"><span class='ocrx_word' id='word_1_147' title='bbox 152 1619 346 1672; x_wconf 90' lang='lat' dir='ltr'>possunt,</span> <span class='ocrx_word' id='word_1_148' title='bbox 369 1613 483 1668; x_wconf 91' lang='lat' dir='ltr'>quod</span> <span class='ocrx_word' id='word_1_149' title='bbox 508 1612 817 1668; x_wconf 84' lang='lat' dir='ltr'>physiologicis</span> <span class='ocrx_word' id='word_1_150' title='bbox 839 1627 1007 1668; x_wconf 91' lang='lat' dir='ltr'>quoque</span> <span class='ocrx_word' id='word_1_151' title='bbox 1026 1614 1263 1657; x_wconf 88' lang='lat' dir='ltr'>rationibus</span> <span class='ocrx_word' id='word_1_152' title='bbox 1284 1615 1500 1669; x_wconf 85' lang='lat' dir='ltr'>probatur.</span> <span class='ocrx_word' id='word_1_153' title='bbox 1550 1615 1663 1657; x_wconf 87' lang='lat' dir='ltr'>Nam</span> 
     </span>
     <span class='ocr_line' id='line_1_21' title="bbox 154 1677 1663 1758; baseline -0.001 -34"><span class='ocrx_word' id='word_1_154' title='bbox 154 1694 193 1724; x_wconf 92' lang='lat' dir='ltr'>e.</span> <span class='ocrx_word' id='word_1_155' title='bbox 224 1694 264 1734; x_wconf 89' lang='lat' dir='ltr'>g.</span> <span class='ocrx_word' id='word_1_156' title='bbox 297 1677 364 1728; x_wconf 80' lang='grc' dir='ltr'>εἷς</span> <span class='ocrx_word' id='word_1_157' title='bbox 397 1679 434 1721; x_wconf 89' lang='lat' dir='ltr'>si</span> <span class='ocrx_word' id='word_1_158' title='bbox 463 1690 541 1732; x_wconf 90' lang='lat' dir='ltr'>per</span> <span class='ocrx_word' id='word_1_159' title='bbox 569 1680 757 1752; x_wconf 77' lang='lat' dir='ltr'>amplius</span> <span class='ocrx_word' id='word_1_160' title='bbox 786 1680 989 1734; x_wconf 85' lang='lat' dir='ltr'>temporls</span> <span class='ocrx_word' id='word_1_161' title='bbox 1020 1679 1204 1734; x_wconf 88' lang='lat' dir='ltr'>spatium</span> <span class='ocrx_word' id='word_1_162' title='bbox 1235 1678 1537 1758; x_wconf 76' lang='lat' dir='ltr'>pronuntiare</span> <span class='ocrx_word' id='word_1_163' title='bbox 1543 1679 1663 1722; x_wconf 87' lang='lat' dir='ltr'>voles</span> 
     </span>
     <span class='ocr_line' id='line_1_22' title="bbox 153 1743 1207 1803; baseline -0.004 -13"><span class='ocrx_word' id='word_1_164' title='bbox 153 1761 283 1803; x_wconf 87' lang='lat' dir='ltr'>quam</span> <span class='ocrx_word' id='word_1_165' title='bbox 315 1746 395 1798; x_wconf 82' lang='grc' dir='ltr'><em>εἵς,</em></span> <span class='ocrx_word' id='word_1_166' title='bbox 426 1744 669 1787; x_wconf 89' lang='lat' dir='ltr'>necessario</span> <span class='ocrx_word' id='word_1_167' title='bbox 701 1744 804 1787; x_wconf 89' lang='lat' dir='ltr'>edes</span> <span class='ocrx_word' id='word_1_168' title='bbox 834 1747 908 1786; x_wconf 89' lang='lat' dir='ltr'>aut</span> <span class='ocrx_word' id='word_1_169' title='bbox 938 1744 991 1800; x_wconf 77' lang='grc' dir='ltr'>ᾖς</span> <span class='ocrx_word' id='word_1_170' title='bbox 1021 1748 1096 1786; x_wconf 90' lang='lat' dir='ltr'>aut</span> <span class='ocrx_word' id='word_1_171' title='bbox 1127 1743 1207 1793; x_wconf 72' lang='grc' dir='ltr'>ἕῖξ.</span> 
     </span>
    </p>
   </div>
   <div class='ocr_carea' id='block_1_5' title="bbox 152 1830 1665 2208">
    <p class='ocr_par' dir='ltr' id='par_1_5' title="bbox 152 1830 1665 2208">
     <span class='ocr_line' id='line_1_23' title="bbox 270 1830 1662 1886; baseline -0.004 -8"><span class='ocrx_word' id='word_1_172' title='bbox 270 1836 491 1878; x_wconf 89' lang='lat' dir='ltr'>Postremo</span> <span class='ocrx_word' id='word_1_173' title='bbox 523 1846 625 1876; x_wconf 85' lang='lat' dir='ltr'>vero</span> <span class='ocrx_word' id='word_1_174' title='bbox 656 1846 759 1874; x_wconf 93' lang='lat' dir='ltr'>num</span> <span class='ocrx_word' id='word_1_175' title='bbox 790 1833 924 1874; x_wconf 90' lang='lat' dir='ltr'>ullam</span> <span class='ocrx_word' id='word_1_176' title='bbox 954 1832 1087 1875; x_wconf 88' lang='lat' dir='ltr'>habet</span> <span class='ocrx_word' id='word_1_177' title='bbox 1115 1831 1433 1886; x_wconf 84' lang='lat' dir='ltr'>probabilitatis</span> <span class='ocrx_word' id='word_1_178' title='bbox 1462 1830 1662 1885; x_wconf 88' lang='lat' dir='ltr'>speciem,</span> 
     </span>
     <span class='ocr_line' id='line_1_24' title="bbox 155 1894 1664 1953; baseline -0.007 -7"><span class='ocrx_word' id='word_1_179' title='bbox 155 1902 344 1946; x_wconf 84' lang='lat' dir='ltr'>Graecos</span> <span class='ocrx_word' id='word_1_180' title='bbox 381 1900 427 1943; x_wconf 93' lang='lat' dir='ltr'>in</span> <span class='ocrx_word' id='word_1_181' title='bbox 466 1899 618 1942; x_wconf 89' lang='lat' dir='ltr'>harum</span> <span class='ocrx_word' id='word_1_182' title='bbox 654 1910 807 1940; x_wconf 86' lang='lat' dir='ltr'>vocum</span> <span class='ocrx_word' id='word_1_183' title='bbox 836 1897 1042 1941; x_wconf 86' lang='lat' dir='ltr'>flexione:</span> <span class='ocrx_word' id='word_1_184' title='bbox 1091 1897 1265 1953; x_wconf 79' lang='grc' dir='ltr'><em>γλῶττα</em></span> <span class='ocrx_word' id='word_1_185' title='bbox 1296 1921 1350 1927; x_wconf 91' lang='grc'>--</span> <span class='ocrx_word' id='word_1_186' title='bbox 1380 1894 1578 1953; x_wconf 76' lang='grc' dir='ltr'><em>γλώττης</em></span> <span class='ocrx_word' id='word_1_187' title='bbox 1607 1921 1664 1926; x_wconf 90' lang='grc'><strong>-</strong></span> 
     </span>
     <span class='ocr_line' id='line_1_25' title="bbox 152 1962 1664 2023; baseline -0.003 -14"><span class='ocrx_word' id='word_1_188' title='bbox 152 1969 365 2023; x_wconf 78' lang='grc' dir='ltr'><em>γλῶτταν,</em></span> <span class='ocrx_word' id='word_1_189' title='bbox 403 1964 513 2021; x_wconf 83' lang='grc' dir='ltr'><em>τιμή</em></span> <span class='ocrx_word' id='word_1_190' title='bbox 552 1988 608 1994; x_wconf 93' lang='lat'>—</span> <span class='ocrx_word' id='word_1_191' title='bbox 647 1968 780 2019; x_wconf 82' lang='grc' dir='ltr'><em>τιμῆς</em></span> <span class='ocrx_word' id='word_1_192' title='bbox 809 1988 866 1993; x_wconf 86' lang='grc'><strong>-</strong></span> <span class='ocrx_word' id='word_1_193' title='bbox 895 1962 1042 2019; x_wconf 85' lang='grc' dir='ltr'><em>τιμήν,</em></span> <span class='ocrx_word' id='word_1_194' title='bbox 1082 1963 1274 2019; x_wconf 81' lang='grc' dir='ltr'><strong><em>πολίτης</em></strong></span> <span class='ocrx_word' id='word_1_195' title='bbox 1309 1986 1364 1992; x_wconf 90' lang='grc'>-</span> <span class='ocrx_word' id='word_1_196' title='bbox 1393 1962 1578 2004; x_wconf 79' lang='grc' dir='ltr'><em>πολῖται</em></span> <span class='ocrx_word' id='word_1_197' title='bbox 1608 1986 1664 1992; x_wconf 89' lang='lat'>—</span> 
     </span>
     <span class='ocr_line' id='line_1_26' title="bbox 155 2027 1664 2086; baseline -0.005 -10"><span class='ocrx_word' id='word_1_198' title='bbox 155 2033 365 2082; x_wconf 76' lang='grc' dir='ltr'>πολίταις</span> <span class='ocrx_word' id='word_1_199' title='bbox 396 2030 569 2073; x_wconf 86' lang='lat' dir='ltr'>vocales</span> <span class='ocrx_word' id='word_1_200' title='bbox 600 2045 626 2086; x_wconf 87' lang='grc' dir='ltr'>η</span> <span class='ocrx_word' id='word_1_201' title='bbox 651 2044 686 2069; x_wconf 88' lang='grc' dir='ltr'><em>ω</em></span> <span class='ocrx_word' id='word_1_202' title='bbox 720 2045 736 2071; x_wconf 90' lang='grc' dir='ltr'>ι</span> <span class='ocrx_word' id='word_1_203' title='bbox 766 2028 894 2071; x_wconf 91' lang='lat' dir='ltr'>modo</span> <span class='ocrx_word' id='word_1_204' title='bbox 926 2028 1106 2071; x_wconf 89' lang='lat' dir='ltr'>duarum</span> <span class='ocrx_word' id='word_1_205' title='bbox 1136 2027 1264 2070; x_wconf 92' lang='lat' dir='ltr'>modo</span> <span class='ocrx_word' id='word_1_206' title='bbox 1293 2028 1419 2070; x_wconf 91' lang='lat' dir='ltr'>trium</span> <span class='ocrx_word' id='word_1_207' title='bbox 1448 2041 1664 2070; x_wconf 91' lang='lat' dir='ltr'>morarum</span> 
     </span>
     <span class='ocr_line' id='line_1_27' title="bbox 153 2092 1665 2152; baseline -0.005 -10"><span class='ocrx_word' id='word_1_208' title='bbox 153 2112 355 2142; x_wconf 90' lang='lat' dir='ltr'>mensura</span> <span class='ocrx_word' id='word_1_209' title='bbox 384 2094 719 2152; x_wconf 76' lang='lat' dir='ltr'>pronuntiasse?</span> <span class='ocrx_word' id='word_1_210' title='bbox 778 2094 955 2149; x_wconf 90' lang='lat' dir='ltr'>Vereor,</span> <span class='ocrx_word' id='word_1_211' title='bbox 991 2098 1037 2136; x_wconf 93' lang='lat' dir='ltr'>ut</span> <span class='ocrx_word' id='word_1_212' title='bbox 1067 2093 1263 2148; x_wconf 89' lang='lat' dir='ltr'>cuiquam</span> <span class='ocrx_word' id='word_1_213' title='bbox 1294 2094 1375 2136; x_wconf 90' lang='lat' dir='ltr'>hoe</span> <span class='ocrx_word' id='word_1_214' title='bbox 1404 2092 1665 2148; x_wconf 89' lang='lat' dir='ltr'>persuadeat</span> 
     </span>
     <span class='ocr_line' id='line_1_28' title="bbox 156 2164 343 2208; baseline -0.016 0"><span class='ocrx_word' id='word_1_215' title='bbox 156 2164 343 2208; x_wconf 85' lang='lat' dir='ltr'>Suhlius.</span> 
     </span>
    </p>
   </div>
   <div class='ocr_carea' id='block_1_6' title="bbox 150 2231 1673 2555">
    <p class='ocr_par' dir='ltr' id='par_1_6' title="bbox 150 2231 1673 2555">
     <span class='ocr_line' id='line_1_29' title="bbox 271 2231 1663 2286; baseline -0.007 -3"><span class='ocrx_word' id='word_1_216' title='bbox 271 2239 359 2283; x_wconf 85' lang='lat' dir='ltr'>Sed</span> <span class='ocrx_word' id='word_1_217' title='bbox 397 2240 444 2281; x_wconf 91' lang='lat' dir='ltr'>ut</span> <span class='ocrx_word' id='word_1_218' title='bbox 474 2233 532 2277; x_wconf 88' lang='lat' dir='ltr'>ad</span> <span class='ocrx_word' id='word_1_219' title='bbox 561 2233 719 2276; x_wconf 85' lang='lat' dir='ltr'>formas</span> <span class='ocrx_word' id='word_1_220' title='bbox 754 2234 981 2278; x_wconf 88' lang='lat' dir='ltr'>distractas</span> <span class='ocrx_word' id='word_1_221' title='bbox 1018 2231 1266 2285; x_wconf 89' lang='lat' dir='ltr'>redeamus,</span> <span class='ocrx_word' id='word_1_222' title='bbox 1305 2231 1363 2274; x_wconf 90' lang='lat' dir='ltr'>ad</span> <span class='ocrx_word' id='word_1_223' title='bbox 1393 2244 1499 2285; x_wconf 89' lang='lat' dir='ltr'>quas</span> <span class='ocrx_word' id='word_1_224' title='bbox 1530 2232 1663 2286; x_wconf 86' lang='lat' dir='ltr'>expli-</span> 
     </span>
     <span class='ocr_line' id='line_1_30' title="bbox 155 2298 1664 2355; baseline -0.008 -4"><span class='ocrx_word' id='word_1_225' title='bbox 155 2306 317 2350; x_wconf 88' lang='lat' dir='ltr'>candas</span> <span class='ocrx_word' id='word_1_226' title='bbox 355 2305 392 2348; x_wconf 92' lang='lat' dir='ltr'>is</span> <span class='ocrx_word' id='word_1_227' title='bbox 431 2306 565 2346; x_wconf 87' lang='lat' dir='ltr'>totam</span> <span class='ocrx_word' id='word_1_228' title='bbox 604 2301 717 2344; x_wconf 90' lang='lat' dir='ltr'>hanc</span> <span class='ocrx_word' id='word_1_229' title='bbox 764 2300 1001 2343; x_wconf 88' lang='lat' dir='ltr'>doctrinam</span> <span class='ocrx_word' id='word_1_230' title='bbox 1042 2300 1368 2355; x_wconf 85' lang='lat' dir='ltr'>excogitaverit,</span> <span class='ocrx_word' id='word_1_231' title='bbox 1419 2312 1474 2341; x_wconf 93' lang='lat' dir='ltr'>ne</span> <span class='ocrx_word' id='word_1_232' title='bbox 1512 2298 1664 2340; x_wconf 88' lang='lat' dir='ltr'>harum</span> 
     </span>
     <span class='ocr_line' id='line_1_31' title="bbox 157 2366 1663 2427; baseline -0.006 -12"><span class='ocrx_word' id='word_1_233' title='bbox 157 2372 328 2427; x_wconf 89' lang='lat' dir='ltr'>quidem</span> <span class='ocrx_word' id='word_1_234' title='bbox 379 2367 680 2413; x_wconf 89' lang='lat' dir='ltr'>distractiones</span> <span class='ocrx_word' id='word_1_235' title='bbox 728 2381 781 2410; x_wconf 86' lang='lat' dir='ltr'>ex</span> <span class='ocrx_word' id='word_1_236' title='bbox 830 2366 923 2421; x_wconf 89' lang='lat' dir='ltr'>ejus</span> <span class='ocrx_word' id='word_1_237' title='bbox 968 2367 1119 2420; x_wconf 89' lang='lat' dir='ltr'>regula</span> <span class='ocrx_word' id='word_1_238' title='bbox 1167 2378 1338 2420; x_wconf 91' lang='lat' dir='ltr'>semper</span> <span class='ocrx_word' id='word_1_239' title='bbox 1393 2368 1663 2408; x_wconf 84' lang='lat' dir='ltr'>excusantur.</span> 
     </span>
     <span class='ocr_line' id='line_1_32' title="bbox 150 2427 1662 2488; baseline -0.004 -9"><span class='ocrx_word' id='word_1_240' title='bbox 150 2437 252 2488; x_wconf 77' lang='lat' dir='ltr'>‘Qua</span> <span class='ocrx_word' id='word_1_241' title='bbox 282 2436 394 2479; x_wconf 85' lang='lat' dir='ltr'>enim</span> <span class='ocrx_word' id='word_1_242' title='bbox 415 2435 458 2477; x_wconf 88' lang='lat' dir='ltr'>Vi</span> <span class='ocrx_word' id='word_1_243' title='bbox 480 2446 635 2476; x_wconf 78' lang='lat' dir='ltr'>vocum</span> <span class='ocrx_word' id='word_1_244' title='bbox 667 2430 935 2488; x_wconf 76' lang='grc' dir='ltr'><em>εὖχετώμην,</em></span> <span class='ocrx_word' id='word_1_245' title='bbox 967 2429 1234 2484; x_wconf 81' lang='grc' dir='ltr'><em>ἀντιώντων,</em></span> <span class='ocrx_word' id='word_1_246' title='bbox 1267 2427 1417 2486; x_wconf 79' lang='grc' dir='ltr'><em>ὁρώσῃ</em></span> <span class='ocrx_word' id='word_1_247' title='bbox 1443 2445 1478 2471; x_wconf 91' lang='grc' dir='ltr'>ω</span> <span class='ocrx_word' id='word_1_248' title='bbox 1511 2434 1662 2483; x_wconf 81' lang='lat' dir='ltr'>„acute</span> 
     </span>
     <span class='ocr_line' id='line_1_33' title="bbox 157 2494 1673 2555; baseline -0.003 -12"><span class='ocrx_word' id='word_1_249' title='bbox 157 2500 323 2555; x_wconf 83' lang='lat' dir='ltr'>longa“</span> <span class='ocrx_word' id='word_1_250' title='bbox 361 2500 421 2542; x_wconf 90' lang='lat' dir='ltr'>ita</span> <span class='ocrx_word' id='word_1_251' title='bbox 464 2498 731 2555; x_wconf 88' lang='lat' dir='ltr'>producitur,</span> <span class='ocrx_word' id='word_1_252' title='bbox 782 2501 829 2539; x_wconf 89' lang='lat' dir='ltr'>ut</span> <span class='ocrx_word' id='word_1_253' title='bbox 873 2496 999 2538; x_wconf 88' lang='lat' dir='ltr'>trium</span> <span class='ocrx_word' id='word_1_254' title='bbox 1043 2497 1257 2538; x_wconf 88' lang='lat' dir='ltr'>morarum</span> <span class='ocrx_word' id='word_1_255' title='bbox 1296 2495 1390 2538; x_wconf 89' lang='lat' dir='ltr'>vice</span> <span class='ocrx_word' id='word_1_256' title='bbox 1433 2494 1673 2549; x_wconf 75' lang='lat' dir='ltr'>fungatur?.</span> 
     </span>
    </p>
   </div>
   <div class='ocr_carea' id='block_1_7' title="bbox 159 2558 1664 2749">
    <p class='ocr_par' dir='ltr' id='par_1_7' title="bbox 159 2558 1664 2749">
     <span class='ocr_line' id='line_1_34' title="bbox 159 2558 1661 2618; baseline -0.004 -8"><span class='ocrx_word' id='word_1_257' title='bbox 159 2568 326 2610; x_wconf 85' lang='lat' dir='ltr'>Tamen</span> <span class='ocrx_word' id='word_1_258' title='bbox 356 2570 527 2609; x_wconf 80' lang='lat' dir='ltr'>exstant</span> <span class='ocrx_word' id='word_1_259' title='bbox 555 2565 719 2608; x_wconf 85' lang='lat' dir='ltr'>formae</span> <span class='ocrx_word' id='word_1_260' title='bbox 750 2562 1000 2606; x_wconf 84' lang='lat' dir='ltr'>distractae:</span> <span class='ocrx_word' id='word_1_261' title='bbox 1042 2559 1335 2618; x_wconf 72' lang='grc' dir='ltr'><em>εὐχετοῴμην,</em></span> <span class='ocrx_word' id='word_1_262' title='bbox 1368 2558 1661 2613; x_wconf 80' lang='grc' dir='ltr'><em>ἀντιοώντων,</em></span> 
     </span>
     <span class='ocr_line' id='line_1_35' title="bbox 160 2629 356 2688; baseline -0.015 -13"><span class='ocrx_word' id='word_1_263' title='bbox 160 2629 356 2688; x_wconf 77' lang='grc' dir='ltr'><em>ὃροώσῃ.</em></span> 
     </span>
     <span class='ocr_line' id='line_1_36' title="bbox 273 2690 1664 2749; baseline -0.002 -10"><span class='ocrx_word' id='word_1_264' title='bbox 273 2696 366 2739; x_wconf 90' lang='lat' dir='ltr'>Hac</span> <span class='ocrx_word' id='word_1_265' title='bbox 395 2694 522 2749; x_wconf 89' lang='lat' dir='ltr'>igitur</span> <span class='ocrx_word' id='word_1_266' title='bbox 551 2696 623 2738; x_wconf 87' lang='lat' dir='ltr'>via</span> <span class='ocrx_word' id='word_1_267' title='bbox 661 2708 755 2737; x_wconf 89' lang='lat' dir='ltr'>cum</span> <span class='ocrx_word' id='word_1_268' title='bbox 787 2693 894 2737; x_wconf 88' lang='lat' dir='ltr'>nihil</span> <span class='ocrx_word' id='word_1_269' title='bbox 936 2693 1060 2736; x_wconf 87' lang='lat' dir='ltr'>nobis</span> <span class='ocrx_word' id='word_1_270' title='bbox 1099 2691 1303 2747; x_wconf 89' lang='lat' dir='ltr'>proficere</span> <span class='ocrx_word' id='word_1_271' title='bbox 1341 2690 1563 2734; x_wconf 87' lang='lat' dir='ltr'>videamur</span> <span class='ocrx_word' id='word_1_272' title='bbox 1591 2706 1664 2736; x_wconf 93' lang='lat' dir='ltr'>ne-</span> 
     </span>
    </p>
   </div>
  </div>
 </body>
</html>
