1803 3230
695 210 750 244 De
775 208 925 244 diectasi
948 209 1138 244 homerica.
1579 207 1656 247 173

159 324 289 366 Verbi
317 324 642 382 μηχανάασθαι
663 325 914 366 varietatem
940 323 1031 378 jam
1054 324 1297 367 Ellendtius
1329 324 1465 377 („drei
1496 326 1654 368 homer.

158 389 424 433 Abhandll.“
454 393 523 441 24)
555 390 794 441 adnotavit,
826 389 941 443 apud
973 403 1097 443 quem
1127 391 1259 433 multa
1290 391 1445 433 similia
1475 392 1658 435 collecta

159 454 306 499 habes.

271 522 436 566 Eadem
466 526 609 565 autem
639 520 824 563 varietas
855 520 971 575 apud
1003 533 1096 573 eos,
1128 521 1199 575 qui
1229 520 1459 564 Homerum
1490 523 1658 566 imitan-

158 595 236 642 tur,
276 589 546 644 conspicitur.
606 586 730 639 Quod
760 591 806 629 ut
835 587 1022 640 eluceat,
1065 600 1116 630 ea
1145 591 1311 629 tantum
1341 589 1473 631 verba
1502 589 1658 632 adscri-

158 654 278 708 bam,
324 668 522 709 quorum,
565 667 657 695 cum
690 652 899 709 Homerus
930 653 1023 695 sola
1052 653 1192 695 activa
1230 653 1365 695 forma
1394 658 1547 705 utatur,
1592 656 1658 697 illi

157 721 286 763 etiam
324 719 469 763 media
507 732 612 762 voce
649 723 834 772 utuntur,
887 722 929 761 et
967 718 1129 761 vicibus
1172 718 1320 761 versis.
1377 717 1501 771 βοάω
1542 720 1658 773 apud

157 786 280 828 Hom.
312 790 481 840 semper
510 785 670 838 active,
711 784 789 827 sed
818 788 886 839 ap.
919 784 1013 827 Nic.
1043 783 1093 826 fr.
1126 785 1193 836 31,
1226 786 1251 825 4
1292 783 1455 835 (Didot)
1487 783 1658 839 βοόων-

155 867 232 893 ται
262 855 310 901 (e
332 851 443 906 conj.
474 849 522 893 Ο.
556 850 809 894 Schneideri
838 851 882 893 in
913 850 1046 894 schol.
1076 849 1133 892 ad
1164 849 1305 904 Apoll.
1337 850 1370 902 I,
1403 852 1525 905 419);
1568 850 1659 894 δει-

156 915 382 959 κανόωντο
434 916 571 969 Hom.,
624 914 896 958 δεικανόωσι
943 916 1061 966 Arat.
1109 917 1204 956 209.
1253 938 1308 944 --
1359 914 1657 971 δηριάασθαι,

155 984 311 1035 -σθον,
343 984 510 1033 -σθων,
543 979 790 1038 δηριόωντο
821 981 958 1035 Ηο111.,
994 980 1235 1038 δηριόωσιν
1266 981 1454 1024 Maneth.
1488 983 1526 1034 2,
1561 983 1656 1034 278,

158 1045 352 1103 δηρῖόων
375 1047 515 1090 Nonn.
542 1048 594 1089 D.
621 1050 685 1100 17,
718 1049 813 1101 252,
832 1045 1100 1103 ’δηριόωντα
1130 1046 1273 1098 Quint.
1306 1050 1345 1100 4,
1377 1049 1472 1088 221.
1506 1049 1543 1100 6,
1574 1049 1653 1090 287

156 1110 446 1170 (δηριόωνται
484 1116 533 1165 4,
568 1114 661 1155 165.
702 1114 822 1165 244),
870 1111 979 1168 Opp.
1020 1111 1126 1168 Cyn.
1159 1114 1206 1166 2,
1246 1114 1341 1165 247,
1384 1111 1656 1170 δηριόωντες

157 1177 300 1232 Apoll.
327 1180 362 1231 1,
390 1180 485 1230 752,
517 1177 659 1229 Quint.
692 1181 731 1230 4,
764 1180 860 1232 465,
894 1178 1034 1220 Noun.
1056 1179 1109 1220 D.
1142 1181 1209 1231 36,
1242 1180 1338 1229 466,
1370 1180 1510 1221 TzetZ.
1542 1179 1588 1220 Ρ.
1602 1179 1655 1221 Η.

157 1245 236 1285 321
278 1240 546 1299 (δηριόωντο
577 1242 700 1299 483),
742 1241 1019 1300 δηριόωντας
1054 1244 1196 1299 Apoll.
1233 1247 1268 1296 1,
1301 1246 1382 1287 493
1415 1242 1655 1301 (δηριόων-

155 1324 232 1350 ται
263 1312 300 1360 4,
327 1310 448 1350 1729.
483 1307 625 1363 1772),
658 1307 802 1360 Quint.
824 1312 863 1361 4,
887 1311 982 1362 472,
1017 1306 1290 1365 δηριάασκες
1320 1308 1463 1360 Quint.
1496 1314 1535 1361 5,
1558 1312 1654 1363 443,

158 1371 430 1431 δηριάασκεν
462 1372 570 1429 Opp.
610 1373 715 1429 Cyn.
751 1376 793 1428 1,
835 1376 939 1429 230,
983 1373 1213 1431 δηριόωσα
1242 1375 1382 1417 TzetZ.
1412 1374 1528 1417 A.H.
1563 1377 1656 1417 116.

157 1463 212 1468 —
237 1477 241 1478 γ
265 1435 565 1493 ἑδριάαὸζῖοὲί
590 1444 633 1482 et
686 1438 928 1494 ἑδριόωντο
979 1440 1116 1492 Hom.,
1169 1444 1318 1482 contra
1367 1439 1656 1495 παρεδριόων

156 1504 300 1559 Apoll.
333 1506 519 1558 2,,1039,
552 1501 816 1559 ἑδριόωντες
849 1508 887 1557 3,
914 1507 1006 1558 170,
1038 1503 1403 1560 παρεδριόωντες
1434 1506 1576 1548 Nonn.
1603 1506 1654 1548 D.

157 1572 224 1624 27,
248 1572 343 1624 242,
376 1569 648 1624 ἑδριόωντας
669 1569 801 1626 Orph.
823 1571 924 1626 Arg.
948 1573 1043 1625 807,
1065 1568 1376 1628 ἐφεδριόωντα
1398 1570 1565 1615 Coluth.
1592 1575 1655 1625 15,

155 1635 476 1691 παρεδριόωσα
507 1636 649 1679 Nonn.
680 1637 733 1679 D.
765 1640 804 1691 4,
837 1639 904 1691 75,
941 1636 1273 1693 ἐφεδριάασκεν
1304 1639 1445 1680 Tzetz.
1476 1637 1527 1679 H.
1561 1639 1656 1687 392.

154 1725 210 1731 -—
254 1700 437 1755 μαιμάω
469 1715 637 1757 semper
665 1703 806 1745 activa
844 1703 1000 1756 forma,
1048 1704 1180 1746 semel
1211 1707 1353 1745 autem
1383 1702 1655 1756 μαιμώωντο

154 1766 333 1822 Dionys.
366 1768 458 1824 Per.
495 1770 615 1809 1156.
665 1791 721 1797 —
771 1766 989 1810 σκιόωντο
1021 1781 1152 1822 saepe
1181 1769 1226 1810 in
1257 1766 1473 1822 Odyssea,
1496 1773 1655 1811 contra

154 1830 409 1874 ἐπεσκιόων
440 1822 581 1874 Noun.
612 1833 665 1874 D.
689 1835 755 1883 38,
778 1835 873 1885 255,
907 1832 1148 1883 σκιόωντες
1178 1832 1279 1875 ibid.
1308 1836 1341 1886 1,
1367 1834 1462 1874 292.
1495 1835 1561 1886 37,
1585 1836 1652 1885 40,

155 1894 356 1938 σκιόωσα
387 1900 454 1948 44,
490 1900 583 1937 127.
616 1900 682 1949 48,
716 1899 810 1950 659,
845 1896 1071 1939 σκιόωσαν
1093 1889 1159 1949 4'0,
1193 1901 1230 1938 5.
1264 1899 1331 1949 43,
1364 1899 1459 1949 359,
1494 1896 1653 1939 σκιάα-

156 1976 260 2004 σκεν
291 1962 430 2004 Tzetz.
461 1961 568 2003 Ρ.Η.
601 1964 696 2004 248.
728 1986 783 1991 —
815 1960 1055 2014 στιχόωντο
1086 1975 1216 2016 saepe
1245 1961 1291 2004 in
1319 1961 1471 2016 Iliade,
1504 1967 1652 2005 contra

155 2025 369 2079 στιχόωσι
399 2028 515 2069 Arat.
551 2028 653 2080 191,
703 2026 832 2081 Orph.
864 2027 976 2069 Lith.
1007 2029 1111 2080 269,
1164 2028 1304 2069 Nonn.
1345 2028 1396 2069 D.
1439 2030 1513 2081 25,
1554 2030 1648 2070 399.

154 2094 229 2145 26,
263 2094 358 2135 223.
408 2094 484 2146 42,
517 2093 590 2145 88,
642 2090 967 2148 περιστιχόωσι
1006 2093 1097 2135 Nic.
1135 2092 1215 2135 Th.
1247 2095 1350 2147 442,
1404 2092 1651 2146 στιχόωντα

153 2159 271 2201 Arat.
303 2160 398 2200 372.
1308 2201 1311 2205 ,

266 2223 365 2266 Jam
395 2222 431 2266 si
459 2223 521 2266 rei
551 2236 757 2266 summam
787 2223 934 2278 paucis
955 2222 1241 2277 astringimus,
1272 2223 1353 2265 tria
1383 2223 1650 2278 potissimum

154 2292 264 2341 sunt,
297 2301 407 2341 quae
438 2288 556 2331 Curti
584 2288 824 2332 sententiae
856 2288 909 2331 de
939 2288 1187 2342 quantitatis
1217 2289 1547 2342 transpositione
1577 2289 1652 2332 ad-

153 2352 236 2395 huc
268 2353 437 2397 obstare
467 2354 684 2397 videntur:
716 2354 898 2409 primum
920 2354 1033 2408 quod
1063 2353 1406 2408 transpositionis
1436 2355 1651 2398 vocalium

154 2433 215 2459 ωο
246 2417 292 2459 in
324 2434 386 2459 οω
417 2420 581 2461 nullum
611 2434 782 2475 prorsus
812 2420 963 2474 simile,
995 2420 1206 2461 vocalium
1237 2418 1291 2460 ᾶᾶ
1321 2419 1366 2460 in
1397 2418 1456 2460 ἇᾶ
1487 2424 1577 2470 (aaa
1608 2422 1652 2463 iu

153 2484 223 2539 ἇᾷ)
274 2485 446 2526 omnino
484 2486 649 2527 nullum
696 2486 940 2540 exemplum
979 2485 1163 2538 reperire
1207 2485 1442 2540 potuimus,
1494 2487 1652 2529 deinde

152 2548 266 2602 quod
297 2565 324 2590 α
355 2550 579 2594 verborum
609 2550 653 2592 in
684 2566 786 2603 -αω,
820 2550 1064 2604 priusquam
1095 2551 1265 2593 vocales
1296 2546 1652 2595 mutatione'affi-

151 2619 358 2669 cerentur,
398 2620 633 2671 correptam
664 2616 794 2659 fuisse
825 2629 877 2658 ex
916 2615 1059 2658 formis
1090 2616 1315 2659 homericis
1346 2618 1650 2673 conclusimus,
