1803 3230
688 249 742 284 De
767 249 917 284 diectasi
940 249 1131 285 homerica.
1581 246 1660 286 199

166 374 261 405 esse
290 363 511 407 maluerim
542 367 715 419 propter
744 363 916 405 atticum
956 362 1098 406 femin.
1130 367 1199 414 σᾶ,
1246 363 1360 418 quod
1398 379 1483 408 non
1523 364 1605 408 nisi
1637 378 1660 408 e

167 425 250 483 σάη
283 427 373 471 fieri
402 429 552 483 potuit.

280 497 370 544 σῶς
419 496 470 535 Χ
503 495 584 536 332
634 505 673 534 v.
724 491 787 534 La
832 491 976 534 Roche
1022 492 1050 533 l.
1091 505 1125 534 o.
1178 496 1267 535 σῶν
1312 495 1362 535 Α
1404 496 1478 536 117
1533 493 1660 537 Arist.

165 561 204 599 P
230 561 308 601 367
342 560 457 613 Lips.

278 623 322 675 d)
369 627 475 673 σοῦς
506 636 529 665 e
570 620 676 672 σόος
714 625 976 664 contractum
1022 625 1104 677 (ap.
1137 621 1260 664 Hom.
1292 635 1377 663 non
1406 622 1659 677 invenitur);

165 685 324 738 εὕσους
352 689 457 730 Lob.
490 688 555 729 El.
587 687 643 740 ΙΙ,
681 689 772 729 121.
814 690 920 736 σοῦς
951 686 1109 729 Herod.
1139 687 1172 741 Ι,
1206 689 1302 739 401,
1334 690 1372 728 5.
1403 687 1459 740 ΙΙ,
1492 690 1587 740 921,
1622 691 1658 730 7.

277 770 305 794 π
338 765 432 794 oum
471 751 750 806 productione
788 752 1051 806 suppletoria
1096 752 1202 793 elisa
1248 755 1330 803 est,
1378 757 1600 806 postquam
1632 769 1659 793 α

163 816 406 861 obscuravit
435 816 479 859 in
511 832 555 858 οε

278 887 316 930 e)
349 885 479 935 σῶος,
511 881 624 935 quod
653 894 721 936 ap.
753 881 876 923 Hom.
906 895 991 924 non
1023 882 1189 936 legitur.
1232 882 1297 923 De
1328 880 1504 935 Didymi
1535 883 1662 935 scrip·

162 952 257 989 tura
297 950 415 1003 σῷος
459 946 629 997 (Herod.
662 946 703 1001 Ι,
740 949 840 1002 112,
879 950 911 988 1.
964 948 1011 990 Ε.
1043 948 1096 990 Μ.
1139 949 1231 1000 714,
1265 947 1333 996 43)
1384 959 1424 987 v.
1457 946 1560 988 Lob.
1594 946 1660 988 El.

162 1014 195 1066 Ι,
228 1015 324 1055 445.
1277 1011 1281 1015 ·

275 1079 372 1122 Jam
401 1078 457 1120 ad
487 1079 618 1121 verba
649 1078 860 1121 homerica
893 1078 1020 1133 hujus
1051 1079 1193 1134 stirpis
1224 1077 1529 1133 progredimur.

275 1144 462 1197 Usurpat
493 1143 720 1185 Homerus:

276 1212 316 1259 a)
347 1208 523 1251 verbum
544 1208 804 1262 primitivum
836 1207 943 1251 σόω
975 1222 1001 1251 a
1021 1209 1111 1251 rad.
1145 1224 1256 1251 omo
1288 1208 1357 1250 vel
1390 1222 1511 1260 6050,
1545 1207 1659 1262 quod

161 1274 272 1316 bene
303 1272 410 1314 vidit
440 1273 668 1315 Bekkerus
707 1274 787 1325 ,,Η.
820 1273 915 1315 Bw
946 1274 985 1326 Ι,
1019 1276 1093 1327 49,
1140 1274 1211 1327 qui
1241 1273 1422 1325 monuit,
1476 1273 1659 1315 eandem

159 1339 273 1383 inter
303 1335 395 1381 σόω
427 1342 469 1381 et
501 1336 622 1381 σαόω
653 1337 917 1382 intercedere
945 1338 1155 1382 rationem
1186 1351 1312 1393 quam
1341 1337 1452 1381 inter
1481 1336 1586 1393 γόον
1619 1342 1660 1381 et

161 1402 281 1458 γοάω
333 1403 398 1453 (of.
444 1405 645 1457 exempla
694 1416 747 1445 ex
790 1403 978 1458 Hesyohi
1030 1404 1167 1445 lexico
1212 1404 1346 1445 allata
1390 1403 1507 1457 apud
1552 1404 1657 1445 Lob.

161 1468 312 1511 Rhem.
345 1470 428 1518 21).
489 1467 597 1511 Sunt
627 1472 769 1511 autem
800 1468 906 1511 haec
937 1468 1157 1523 exempla:
1198 1465 1340 1511 σόωσι
1372 1470 1399 1509 Ι
1425 1469 1505 1510 393
1538 1469 1661 1524 (Tyn

161 1535 282 1576 ranio
314 1537 457 1576 σοιῦσι
487 1534 608 1587 quasi
639 1547 665 1576 a
696 1531 840 1587 σαόω,
873 1533 982 1587 Apio
1015 1532 1158 1575 σάωσι
1199 1534 1319 1587 quasi
1349 1546 1376 1575 a
1408 1531 1525 1586 σάω,
1559 1547 1659 1587 quo-

162 1612 252 1641 rum
283 1603 477 1642 neutrum
509 1602 678 1652 exstat),
712 1590 822 1655 σόῃς
855 1601 881 1639 Ι
906 1599 1001 1649 681,
1036 1598 1117 1655 σόῃ
1153 1602 1178 1639 Ι
1206 1600 1301 1639 424.

274 1665 316 1715 b)
338 1664 512 1707 verbum
533 1664 793 1719 primitivum
812 1662 914 1706 σώω
931 1677 958 1706 a
974 1663 1063 1706 rad.
1081 1679 1203 1717 σοῖο,
1227 1663 1349 1718 prod.
1367 1664 1505 1718 suppl.
1522 1668 1658 1706 ortum

161 1734 207 1772 ut
238 1728 388 1780 πλώω,
416 1727 519 1782 χώω
551 1730 606 1771 al.
638 1729 688 1771 cf.
721 1729 878 1772 Herod.
910 1729 942 1782 Ι,
976 1731 1071 1782 456,
1106 1732 1171 1771 25.
1204 1729 1308 1771 Lob.
1339 1729 1486 1772 Rhem.
1520 1732 1585 1771 27.

274 1795 366 1837 Huc
414 1795 629 1850 pertinent
666 1795 911 1838 Homerica:
965 1791 1157 1844 σώοντες
1203 1792 1335 1849 (quod
1379 1794 1518 1837 minus
1556 1799 1656 1849 apte

159 1860 418 1903 Dietriehius
448 1861 474 1902 l.
508 1873 541 1902 o.
584 1873 637 1902 ex
669 1859 882 1910 σαόοντες
913 1863 1175 1902 contractum
1206 1872 1299 1902 esse
1329 1859 1490 1914 putat),
1543 1859 1655 1902 σώε-

161 1938 264 1966 σκον
300 1926 338 1966 Θ
370 1926 472 1978 363,
514 1922 642 1966 σώων
675 1940 694 1966 ε
727 1927 808 1967 490
849 1938 872 1967 e
902 1925 1149 1966 Buttmanni
1189 1923 1298 1977 conj.
1345 1922 1424 1978 (gr.
1456 1937 1516 1978 gr.
1549 1938 1580 1966 s.
1614 1939 1653 1966 v.

160 1988 321 2045 σώζω).

272 2058 310 2106 o)
342 2055 529 2097 Verbum
560 2054 923 2098 denominativum
956 2051 1090 2105 σαόω,
1131 2054 1185 2096 ab
1224 2054 1312 2109 adj.
1350 2053 1459 2105 σάος
1491 2054 1669 2098 deriva?

159 2125 269 2163 tum:
303 2118 507 2171 σαώσεις,
541 2118 789 2173 σαώσομεν,
823 2120 998 2161 σαῶσαι
1029 2123 1107 2161 eet.

274 2183 368 2227 σάω
392 2187 429 2227 3.
445 2185 552 2239 sing.
571 2184 734 2239 imperf.
754 2187 805 2225 Π
812 2185 906 2225 363.
933 2185 1079 2236 Φ238,
1102 2181 1195 2225 σάω
1215 2183 1409 2238 imperat.
1433 2187 1550 2226 ν230
1573 2186 1652 2228 bis.

160 2271 184 2308 ρ
218 2256 312 2297 595.
351 2254 423 2310 hy.
453 2250 584 2305 XIII,
618 2253 655 2293 3.
715 2248 906 2303 Utraque
943 2248 1078 2291 forma
1115 2248 1435 2292 assimulatione
1466 2256 1559 2294 orta
1589 2255 1654 2294 est

158 2333 214 2362 ex
246 2318 356 2362 σάου
389 2316 530 2367 (σάοε)
561 2317 666 2359 sieut
696 2312 948 2356 ναιετάωσα
980 2327 1034 2355 ex
1065 2313 1343 2364 ναιετάουσα,
1375 2315 1458 2357 nisi
1488 2317 1653 2358 aeolico

158 2398 275 2429 more
296 2398 323 2428 a
343 2381 521 2438 *σάωμι
553 2381 746 2424 derivata
776 2383 887 2422 sunt.
928 2379 1143 2422 Immerito
1166 2378 1422 2423 Dietriohius
1451 2380 1480 2422 l.
1513 2393 1548 2423 o.
1571 2383 1654 2425 436

158 2451 456 2506 imperativum
480 2446 573 2490 σάω
595 2446 652 2489 ad
670 2446 845 2489 verbum
871 2443 1037 2499 σάομαι
1068 2446 1279 2499 pertinere
1308 2451 1442 2500 putat.
1503 2448 1655 2502 Neque

159 2518 271 2561 enim
291 2515 398 2568 σάω,
417 2512 527 2558 σάου
545 2525 568 2556 e
591 2511 697 2555 σάεο
720 2511 818 2554 oriri
835 2510 971 2565 potuit
985 2509 1100 2565 apud
1115 2510 1358 2567 Homerum,
1376 2513 1445 2566 qui
1465 2513 1655 2556 nondum

160 2599 207 2625 εο
227 2584 272 2625 in
295 2599 343 2624 ου
373 2579 649 2624 contraheret
671 2578 721 2620 ef.
754 2592 793 2631 p.
822 2578 913 2628 177,
945 2589 1081 2629 neque
1113 2577 1286 2619 omnino
1308 2583 1449 2620 exstat
1478 2579 1653 2621 verbum

160 2645 339 2702 σάομαι.
391 2648 455 2689 De
477 2645 607 2688 verbo
631 2642 723 2687 σάω
746 2640 872 2684 valde
895 2640 1022 2683 dubio
1043 2653 1082 2683 v.
1106 2641 1284 2685 Kiihner
1304 2655 1364 2697 gr.
1387 2656 1448 2698 gr.
1465 2646 1480 2672 2
1502 2645 1533 2699 Ι,
1558 2646 1655 2687 913.
