1803 3230
144 267 161 303 1
172 267 190 305 7
199 264 223 303 6
809 267 983 312 Mangold

138 381 236 424 dam
269 395 388 434 sono,
432 395 456 421 u
487 382 638 436 simili,
680 383 998 427 enuntiabatur.
1058 383 1133 426 Sin
1171 396 1272 426 vero
1304 399 1358 425 αο
1391 388 1433 427 et
1463 399 1518 426 oa
1549 397 1645 428 con-

137 453 331 501 currunt,
377 448 504 503 longe
547 449 673 492 aliter
713 463 780 493 res
820 463 866 493 se
907 451 1047 494 habet.
1106 450 1292 493 Primum
1323 449 1646 495 assimulatione

138 528 244 570 opus
275 518 352 557 est.
407 514 528 567 Quae
558 514 648 558 fieri
679 530 765 559 non
797 521 949 572 potest,
981 516 1063 559 nisi
1093 520 1271 570 utraque
1302 515 1463 558 vocalis
1494 529 1644 559 sonum

136 594 258 623 suum
290 581 510 636 proprium
541 582 781 636 paullulum
811 587 958 635 mutat,
990 583 1133 636 itaque
1156 582 1375 635 utriusque
1396 594 1525 624 sonus
1556 583 1647 635 qui-

136 645 237 687 dam
268 646 435 700 existit,
477 647 549 701 qui
579 647 767 690 medium
798 651 943 691 teneat
972 647 1083 696 inter
1112 647 1283 690 vocales
1315 645 1515 703 pristinas
1547 662 1570 688 ο
1603 651 1645 690 et

137 727 178 765 α,
222 711 250 754 i.
283 725 319 755 e.
353 728 376 754 ο
409 713 529 757 fusca
559 727 744 757 canorae
775 729 802 755 α
833 715 877 756 vi
914 717 1100 756 mutatur
1130 714 1174 756 in
1206 729 1229 755 0
1262 726 1461 756 canoram
1500 712 1645 756 simul-

137 791 220 831 que
251 794 279 819 α
310 779 531 833 sequentis
562 795 585 821 0
617 780 660 821 vi
690 784 877 822 mutatur
905 780 1001 834 ipsa
1029 779 1072 821 in
1104 795 1127 821 0
1160 792 1382 833 canoram,
1414 783 1501 821 tum
1533 778 1643 821 duae

138 858 161 883 ο
195 856 383 887 canorae
414 844 723 887 contrahuntur
752 845 797 886 in
829 860 864 886 ω
897 844 1167 899 canoram.²¹)
1220 844 1328 887 Item
1360 844 1519 898 optimo
1544 844 1643 899 jure

137 908 430 962 contenditur,
485 906 722 964 bodoni-2²²)
763 910 883 953 abire
922 908 1111 964 potuisse
1150 909 1194 951 in
1235 905 1398 965 ὃρῶτε,
1444 910 1639 963 quamvis

140 973 323 1029 ὂηλόοις
353 974 491 1015 abiret
520 974 565 1015 in
596 973 763 1030 δηλοῖς.

251 1038 372 1090 Quae
402 1051 497 1081 cum
527 1039 586 1081 ita
617 1039 722 1092 sint,
774 1053 859 1082 non
897 1039 1055 1082 formas
1087 1035 1309 1093 ὁρόωντα,
1342 1034 1535 1094 ὁρόωτε,
1589 1038 1642 1083 de

138 1116 316 1157 quarum
357 1103 645 1157 explicatione
678 1104 922 1158 desperem,
955 1103 1033 1146 sed
1063 1103 1162 1145 has:
1211 1099 1414 1155 ὁρόοντα,
1458 1099 1637 1157 ὁρόοιτε

133 1167 411 1211 intermedias
441 1167 573 1212 fuisse
602 1168 715 1212 inter
745 1165 955 1224 ὃράοντε,
989 1164 1168 1224 ὃράοιτε
1202 1171 1245 1211 et
1277 1163 1463 1223 ὁρῶντα,
1497 1166 1637 1226 ὅρῴτε

134 1247 338 1289 suspicor.

248 1299 338 1342 Has
359 1312 462 1343 vero
492 1299 650 1346 formas
680 1314 757 1355 pro
778 1300 865 1343 illis
886 1301 1116 1343 intextum
1147 1299 1281 1353 recipi
1311 1313 1398 1342 non
1422 1300 1640 1355 jusserim.

135 1364 470 1409 Commendatur
499 1378 605 1408 sane
634 1365 743 1409 haec
780 1369 1021 1409 correctura
1061 1378 1132 1419 eo,
1161 1364 1287 1418 ‘quod
1324 1365 1368 1407 in
1398 1369 1544 1409 vetere
1581 1367 1642 1409 al-

134 1430 322 1486 phabeto
353 1430 483 1473 attico
515 1435 557 1473 et
587 1447 609 1473 0
642 1435 684 1474 et
722 1447 756 1472 ω
790 1431 934 1473 littera
967 1432 1002 1473 Ο
1033 1429 1391 1484 significabantur,
1425 1435 1470 1474 ut
1500 1444 1641 1475 errore

132 1496 405 1539 librariorum
443 1496 602 1539 formas
648 1497 953 1539 OPOONTA
997 1496 1089 1539 sim.
1135 1509 1228 1540 esse
1272 1496 1551 1553 transcriptas
1595 1497 1639 1540 in

140 1563 445 1605 ΟΡΟΩΝΤΑ
475 1562 720 1605 existimare
761 1562 987 1616 possimus.
1047 1563 1188 1616 Atque
1218 1561 1368 1606 eadem
1399 1562 1641 1617 suspicione

133 1628 238 1671 moti
281 1628 364 1670 viri
409 1627 523 1670 docti
566 1628 676 1670 alias
716 1640 884 1682 quoque
926 1627 1084 1670 formas
1128 1627 1255 1670 aliter
1291 1632 1419 1682 atque
1456 1628 1641 1673 traditae

134 1699 234 1737 sunt
263 1694 389 1737 scribi
420 1694 669 1746 voluerunt,
709 1693 829 1736 velut
859 1691 930 1735 ἕεν
961 1705 1038 1747 pro
1070 1691 1147 1749 ἔην
1194 1692 1301 1747 (Leo
1332 1693 1479 1748 Meyer
1508 1694 1562 1737 K.
1593 1695 1639 1737 Z.

134 1760 212 1813 IX,
246 1761 329 1802 386
360 1772 451 1813 sqq.
484 1757 601 1801 Curt.
632 1758 814 1812 „Stud.“
844 1758 877 1811 I,
911 1760 949 1812 2,
983 1760 1065 1800 290
1095 1757 1229 1813 sqq),
1268 1756 1415 1801 ἕΐκοσι
1444 1772 1521 1813 pro
1552 1757 1641 1802 ἐεί-

134 1839 237 1867 κοσι
269 1824 456 1879 (Curtius
487 1825 688 1876 „Tragw.
720 1823 760 1865 d.
792 1823 1024 1878 Lautges.“
1055 1822 1141 1879 35),
1173 1823 1333 1866 λιπέεν.
1358 1837 1434 1878 pro
1465 1824 1640 1866 λιπέειν

134 1890 337 1946 (Renner.
370 1889 552 1943 ‚,Stud.“
582 1889 616 1942 I,
641 1892 679 1941 2,
713 1891 765 1932 32
797 1888 894 1944 sq),
927 1887 977 1931 30
1009 1903 1085 1944 pro
1118 1887 1196 1932 ὅου
1229 1889 1427 1938 (Abrens.
1450 1890 1502 1932 N.
1533 1890 1640 1932 Mus.

131 1956 209 1998 Rh.
243 1956 309 2008 ΙΙ,
347 1958 421 1996 161
458 1961 588 2008 sqq),
640 1949 743 2010 ἧος,
776 1958 884 2009 τῆος
917 1968 993 2008 pro
1025 1953 1140 2005 εἷος,
1175 1954 1299 2005 εἵως,
1330 1961 1473 2005 τεῖος,
1506 1957 1639 2004 τείως

223 2092 266 2134 ²¹)
291 2090 431 2125 Eadem
455 2089 595 2124 ratione
621 2100 661 2121 οο
686 2088 724 2123 in
738 2088 873 2124 Doride
898 2099 970 2124 sev.
994 2090 1031 2124 in
1053 2101 1080 2122 ω
1108 2089 1328 2132 coalescunt,
1354 2089 1439 2134 quia
1465 2101 1482 2122 ο
1508 2088 1545 2123 in
1570 2088 1638 2123 hac

131 2145 284 2181 dialecto
311 2154 447 2179 canora
471 2153 558 2178 voce
582 2142 851 2178 enuntiabatur.
889 2143 992 2187 Quod
1014 2147 1167 2188 apparet
1192 2143 1299 2179 etiam
1324 2153 1368 2178 ex
1393 2153 1446 2185 eo,
1471 2142 1568 2187 quod
1592 2142 1637 2177 ab

131 2199 181 2235 eis
207 2197 396 2244 *ὁραομες
419 2207 493 2233 non
517 2197 554 2232 in
580 2195 759 2243 *ὁρωμες,
786 2197 849 2233 sed
872 2197 909 2232 in
935 2195 1069 2243 ὃρᾶμες
1094 2197 1330 2233 contrahitur.
1382 2196 1471 2233 Cum
1495 2196 1589 2232 enim
1616 2209 1638 2230 α

130 2264 259 2290 sonum
284 2252 462 2298 quendam
488 2266 506 2293 η
533 2251 682 2287 similem
716 2252 851 2288 habeat
883 2259 1007 2297 (quare
1034 2262 1076 2287 ex
1102 2250 1228 2299 ὁράετε
1261 2252 1302 2288 fit
1328 2250 1469 2299 ὁρῆτε),
1508 2264 1551 2285 αο
1587 2251 1637 2287 ita

129 2309 223 2343 inter
248 2318 287 2343 se
312 2307 582 2349 assimulantur,
608 2310 647 2340 ut
672 2316 716 2340 ex
742 2319 763 2339 α
787 2306 849 2340 illa
874 2306 1052 2350 (Angliea)
1077 2306 1140 2342 fiat
1156 2320 1177 2340 α
1192 2317 1283 2352 pura
1308 2310 1430 2352 (quam
1454 2308 1634 2342 nostrates

131 2362 254 2396 dicunt
278 2361 466 2401 Italicam),
492 2371 536 2395 ex
563 2372 580 2393 ο
607 2369 741 2395 canora
765 2362 886 2394 autem
910 2360 1034 2395 eadem
1060 2373 1082 2393 a
1106 2371 1209 2406 pura.

223 2417 266 2457 22)
309 2416 402 2450 Sunt
442 2419 579 2460 septem
612 2416 753 2449 tantum
784 2413 894 2458 hujus
928 2415 1075 2458 optativi
1106 2415 1271 2460 exempla
1300 2413 1399 2460 apud
1422 2413 1634 2449 Homerum:

132 2467 270 2513 ὁρόῳτε
317 2467 409 2513 (εἰς-)
448 2472 475 2502 Δ
512 2472 589 2505 347.
639 2471 665 2501 θ
699 2471 759 2503 341
802 2466 1009 2513 (εἶςορόοιτε
1052 2468 1224 2511 AGMV›‚
1275 2467 1461 2515 τρυγόῳεν
1495 2470 1528 2500 Σ
1558 2472 1635 2507 566,

129 2522 363 2569 εὐχετοῴμην
389 2527 414 2556 θ
440 2528 516 2559 467.
551 2537 568 2556 ο
600 2525 673 2566 181,
701 2520 851 2567 αἰτιόῳο
878 2535 897 2555 υ
928 2525 987 2558 135
1014 2521 1184 2565 (αἰτιόοιο
1210 2523 1268 2567 Ν),
1303 2520 1474 2566 αἰτιόῳτο
1501 2523 1531 2554 Λ
1558 2525 1634 2566 654,

129 2575 329 2623 εὖχετόῳτο
367 2581 403 2609 Μ
430 2582 506 2620 391,
550 2575 772 2623 μηχανόῳτο
806 2589 832 2610 π
861 2579 934 2611 196.
982 2577 1169 2611 Bekkerus
1194 2577 1336 2622 papyri,
1375 2575 1436 2620 qui
1458 2574 1635 2621 γοάοιμεν

128 2633 278 2678 praebet
314 2634 349 2665 Ω
375 2635 451 2675 664,
487 2633 707 2668 auctoritate
742 2632 906 2677 neglecta
941 2629 1111 2676 γοόῳμεν
1138 2631 1288 2682 ,εοτίϋίῐς
1331 2629 1424 2665 idem
1460 2629 1634 2666 immerito

128 2687 288 2724 omnium
312 2687 485 2722 librorum
510 2688 658 2731 γοάοιεν
685 2700 711 2721 ω
745 2690 804 2721 190
830 2686 865 2721 in
891 2684 1060 2731 γοόῳμεν
1084 2689 1209 2721 mutat.
