1803 3230
688 182 744 220 De
768 182 920 219 diectasi
943 182 1132 219 homerica.
1586 178 1665 219 193

167 297 402 352 clauderet,
453 299 659 354 posterior
697 299 742 339 in
781 298 866 340 arsi
913 299 1129 352 sequentis
1168 298 1328 354 dactyli
1373 296 1443 341 vel
1481 297 1664 352 spondei

166 369 405 418 poneretur.
471 366 611 420 Atque
650 364 712 407 eis
749 363 853 419 ipsis
891 364 995 407 locis
1034 369 1249 420 ponuntur
1287 363 1402 420 apud
1432 364 1663 408 Homerum

165 423 504 484 nonnumquam,
555 429 633 472 sed
677 442 765 471 non
804 428 888 471 nisi
925 428 970 471 in
994 429 1200 476 >formulis
1245 430 1507 473 solemnibus
1544 430 1664 472 velut

166 493 444 551 ἑδριάασθαι
474 492 642 549 ἄνωγεν
675 493 767 537 Sim.
799 493 851 537 cf.
881 507 922 548 p.
958 496 1037 537 186
1065 508 1156 548 sqq.

277 560 384 603 Item
414 560 466 613 ei,
499 559 570 613 qui
590 559 820 601 Homerum
844 558 1132 612 imitabantur,
1165 560 1360 602 omnibus
1380 572 1528 601 versus
1557 559 1663 601 locis

164 630 372 680 usurpant
400 625 557 667 formas
595 624 716 677 illas,
768 636 1025 678 quamquam
1063 624 1107 666 hi
1147 637 1314 678 quoque
1351 623 1578 679 praecipue
1617 624 1663 666 in

164 689 247 734 fine
271 694 320 733 -et
348 690 393 732 in
423 688 609 732 caesuris
638 689 884 744 majoribus.

278 754 406 809 Apud
445 754 720 809 Apollonium
759 766 815 797 ex
854 756 932 796 173
972 753 1181 808 exemplis
1220 753 1449 795 formarum
1487 754 1663 797 assimu-

164 820 347 863 latal‘um
576 845 654 884 112
685 843 885 896 leguntur
913 842 958 884 in
988 840 1071 884 fine
1101 854 1248 884 versus

601 909 650 951 13
680 908 725 950 in
755 920 866 951 caes.
897 905 1119 961 semiquin.

595 975 648 1015 24
678 974 722 1016 in
753 987 864 1017 caes.
896 973 1028 1016 troch.

625 1039 650 1078 2
680 1039 725 1081 in
755 1052 865 1082 caes.
897 1051 1027 1081 masc.
1058 1037 1156 1092 ped.
1189 1049 1272 1080 sec.

162 1132 290 1180 atque
320 1129 374 1168 22
395 1130 560 1169 tantum
590 1131 773 1180 restant3
806 1140 916 1180 quae
935 1131 1080 1169 tamen
1101 1125 1298 1168 omnibus
1319 1138 1467 1168 versus
1488 1124 1663 1168 sedibus

162 1191 302 1245 posita
330 1203 599 1244 nequaquam
631 1190 738 1232 sicut
769 1190 995 1232 Homerica
1025 1193 1283 1232 excusantur
1312 1189 1582 1232 solemnitate
1607 1212 1662 1218 —

163 1247 361 1310 quattuor
390 1254 572 1299 fortasse
603 1254 794 1309 exceptis
831 1257 865 1309 1,
898 1256 991 1298 328.
1025 1256 1121 1309 886,
1154 1256 1192 1307 2,
1225 1255 1321 1308 937,
1354 1257 1392 1309 4,
1429 1256 1557 1297 1255:

280 1341 315 1389 1,
348 1340 429 1379 328
462 1335 823 1390 συνεδριάασθαι
855 1333 1039 1391 ἄνωγεν.
1070 1361 1127 1366 -
1169 1340 1203 1389 1,
1237 1338 1319 1378 886
1347 1340 1478 1391 χερσί
1507 1353 1555 1379 τε
1588 1353 1661 1378 και

162 1400 379 1456 μύθοισιν
410 1400 734 1446 ἐδεικανόωντο
767 1400 968 1444 ἕκαστον.
1000 1426 1055 1431 ——
1087 1404 1133 1456 2,
1166 1368 1245 1444 937
1281 1400 1431 1459 ῥιπὴν,
1464 1399 1665 1460 εὐκήλοι-

165 1483 235 1510 σιν
267 1467 505 1511 ἐνευδιόων
538 1466 846 1523 πτερύγεσσιν
892 1492 947 1497 -
996 1470 1176 1521 4,1255
1215 1468 1425 1522 βέλτερον
1457 1469 1510 1524 ἠν
1548 1471 1663 1523 μέγα

165 1531 219 1590 δη’
251 1549 295 1575 τι
314 1531 650 1612 μενοινώοντας
682 1530 888 1576 ολέσθαι.
920 1556 975 1561 -—
1019 1501 1053 1584 1,
1086 1535 1166 1573 451
1201 1532 1249 1575 αἱ
1281 1532 1329 1576 δὲ
1362 1537 1462 1576 νέον
1495 1536 1665 1576 σκοπέ-

163 1595 326 1641 λοισιε
304 1598 638 1642 υποσκιόωνται
660 1596 863 1654 άρουραι.
896 1623 950 1628 -—
985 1601 1019 1652 1,
1042 1600 1121 1640 461
1156 1597 1474 1655 πορφύρεσκεν
1497 1597 1664 1642 ε’καστα

164 1662 470 1721 κατηφιόωντι
501 1663 674 1714 ἐοικώς.
706 1688 762 1693 -
805 1668 822 1705 1
873 1666 950 1705 751
985 1662 1179 1720 ἑρσήεις,
1211 1665 1375 1715 πολέες
1407 1662 1451 1706 δ’
1486 1662 1664 1720 ὀλίγους

161 1727 354 1783 βιόωντο
393 1733 576 1785 νομῆας.
627 1754 681 1758 -
740 1732 779 1782 1,
813 1696 896 1770 ’ἦῦ
937 1732 1112 1779 κείνους
1153 1727 1197 1771 κ’
1241 1728 1455 1807 εξςορόων
1494 1726 1662 1781 ἀκέοις,

164 1793 357 1848 ψεύδοιό
388 1811 435 1837 τε
466 1794 627 1848 θυμόν.
662 1818 714 1824 -—
752 1799 785 1847 1,
813 1795 894 1836 796
926 1792 1219 1850 πυροφόρους
1250 1792 1421 1850 ἀρόωσι
1453 1792 1573 1849 γύας.

169 1864 211 1912 l,
255 1861 361 1901 1156
413 1875 456 1902 οι
502 1858 549 1902 δὲ
594 1826 809 1916 γαληναίῃ
856 1862 1040 1901 πίσυνοι
1091 1857 1314 1902 ’ἐλάασκον
1365 1857 1551 1915 ἐπιπρό.
1605 1882 1661 1888 -—

167 1926 340 1978 1,1272
371 1925 473 1981 τῆλε
507 1923 775 1978 διαπρύσιον
804 1915 989 1980 ιιεγάλῃ
1004 1923 1231 1979 βοάασκεν
1262 1922 1386 1981 ἀυτῇ.
1418 1949 1473 1954 -
1505 1927 1657 1978 2,127

162 1987 292 2031 πόλλ’
327 1987 766 2045 ἐπιπαμφαλόωντες
807 1985 940 2043 ὁμοῦ·
980 1988 1035 2031 τὰ
1068 1988 1115 2032 δὲ
1148 1988 1381 2032 παντόθεν
1413 1988 1572 2041 αύτως.

164 2057 201 2109 2,
234 2056 315 2097 269
348 2055 513 2111 κλαγγῇ
543 2053 815 2108 μαιμώωσαι
845 2053 1045 2111 ἐδητύος.
1077 2079 1132 2084 —
1173 2059 1210 2108 2,
1244 2057 1325 2097 588
1358 2052 1577 2113 Εὔφημος
1612 2054 1657 2097 6'

163 2118 247 2162 ἀνὰ
290 2118 461 2170 πάντας
502 2118 578 2161 ἰών
617 2118 843 2173 βοάασκεν
889 2120 1107 2176 ἑταίρους.
1154 2144 1209 2149 -
1261 2122 1308 2174 2,
1342 2121 1422 2162 862
1462 2119 1657 2175 μνώοντ’

163 2183 263 2228 οὔτε
295 2200 467 2227 ποτοιο.
499 2209 553 2213 -
598 2178 635 2238 2,
671 2187 777 2227 1039
810 2187 883 2228 καὶ
915 2184 965 2227 τὸ
996 2186 1077 2239 μὲν
1108 2185 1339 2240 ἐξείρυσσε
1371 2185 1661 2240 παρεδριόων

158 2248 407 2308 Ἐριβώτης.
457 2274 511 2279 —-
562 2252 599 2304 3,
636 2251 717 2292 286
768 2249 1026 2307 καγχαλόων
1078 2248 1186 2309 ἤιξε.
1236 2274 1291 2301 -,-
1341 2252 1379 2304 3,
1420 2252 1502 2293 519
1555 2249 1660 2296 οὐδέ

163 2332 248 2370 περ
290 2315 425 2359 ὅσσον
466 2313 809 2366 ἐπανθιόωντας
842 2315 1028 2367 ἰούλους.
1079 2340 1134 2346 —
1186 2320 1223 2367 4,
1265 2317 1315 2356 77
1359 2318 1496 2367 θοοῖς
1527 2315 1663 2360 ἐλάα-

164 2395 266 2424 σκον
317 2381 534 2438 ἐρετμοῖς.
584 2404 638 2409 -
697 2383 874 2433 4,165
926 2379 1060 2433 αὐτὸς
1113 2380 1190 2439 ἑὴν
1238 2379 1316 2424 ἐπι
1364 2385 1450 2439 νῆα
1502 2384 1663 2427 παλιν-

160 2446 456 2501 τροπάασθαι
482 2444 645 2503 Ιήσων
676 2470 729 2475 -
776 2450 813 2500 4,
848 2450 929 2489 529
960 2447 1075 2500 πρὸς
1108 2445 1151 2488 δ’
1186 2444 1314 2488 αυτοὶ
1346 2445 1661 2505 ἐμηχανόωντο

161 2512 394 2556 κέλευθον.
442 2535 495 2540 -
541 2513 717 2565 4,1531
764 2510 831 2562 ἰὸς
862 2509 1007 2570 άφαρ,
1053 2510 1268 2566 μυδόωσα
1310 2509 1353 2554 δ’
1397 2510 1488 2556 ἄπο
1526 2514 1663 2571 χροὸς

163 2577 286 2633 ἐρρεε
318 2578 466 2634 λάχνη.

232 2655 617 2687 Curit,uStd1enV1.
1347 2648 1386 2680 13
