1803 3230
665 192 720 228 De
743 192 892 228 diectasi
915 191 1108 228 homerica.
1566 189 1644 229 197

141 321 169 350 a
199 306 426 362 rhapsodis
465 311 563 350 sunt
601 311 830 361 usurpatae
868 306 1100 349 secundum
1141 307 1384 362 analogiam
1415 307 1642 350 verborum

141 387 186 415 111
216 389 317 415 -αω,

256 439 406 493 Neque
436 441 605 481 veteres
634 436 759 479 aliter
791 436 845 478 de
874 436 955 479 hac
986 450 1031 480 re
1062 438 1273 490 statuisse,
1305 438 1643 481 luculentissime

141 509 341 560 apparet,
384 517 478 546 eum
510 515 565 545 ex
595 501 797 557 Apolloni
831 500 1078 559 ὄηϊάασκον
1110 504 1147 554 2,
1194 505 1270 543 142
1311 502 1568 560 [δηϊόωντες
1601 509 1639 559 4,

142 572 238 621 489]
270 570 337 620 (cf.
358 569 558 612 Bekker.
590 568 714 609 Hom.
745 568 811 609 Bl.
843 569 875 620 Ι,
909 570 1000 622 49),
1040 571 1127 609 tum
1161 580 1214 610 ex
1245 581 1308 622 eo,
1345 570 1457 623 quod
1488 575 1642 625 poetae

142 635 251 690 epici
300 633 579 689 posteriores,
630 634 824 686 quamvis
865 632 1097 688 flagrantes
1148 632 1434 676 distractionis
1482 648 1640 689 amore,

141 700 273 743 verba
302 699 347 739 in
379 713 465 738 -οω
498 710 550 740 ea
584 711 669 739 non
710 697 921 750 afficiunt,
974 698 1164 751 exceptis
1202 698 1350 752 paucis
1389 699 1642 751 quibusdam

141 768 270 820 atque
301 762 441 805 dubiis
471 776 498 805 a
528 762 748 805 Lobeckio
778 762 971 805 collectis
998 762 1148 804 Rhem.
1185 765 1263 805 182
1284 775 1374 817 sqq.
1414 763 1643 807 Praeterea

140 829 408 885 grammatici
431 828 599 872 disertis
620 828 764 872 verbis
786 828 992 871 diectasin
1016 828 1205 880 tribuunt
1225 828 1440 872 secundae
1471 830 1643 873 circum-

139 888 344 938 flexorum
374 894 514 949 classi,
545 907 632 936 non
661 894 834 937 tertiae:
876 894 1017 937 Schol.
1049 896 1100 935 A
1135 898 1212 936 104
1245 891 1287 949 (ὁ
1319 894 1514 951 ποιητὴς
1546 894 1640 937 ἐπὶ

138 959 343 1017 ταύτης
372 964 469 1017 τῆς
502 959 772 1016 συζυγίας
794 959 907 1011 ἔθος
929 958 1021 1014 ἔχει
1043 957 1305 1013 πλεονάζειν
1327 965 1389 1018 τῷ
1411 959 1465 1017 ὃ),
1498 964 1557 1003 M
1577 965 1640 1004 17.

139 1029 188 1070 E.
219 1027 274 1068 M.
309 1029 401 1080 113,
435 1028 501 1067 49.
551 1027 746 1079 Eustath.
783 1029 873 1080 179,
906 1029 959 1069 34
1011 1024 1155 1081 (aliter
1196 1040 1301 1070 sane
1344 1041 1453 1070 unus
1496 1027 1639 1070 Schol.

140 1096 180 1134 Γ
207 1093 309 1133 266;
342 1089 434 1133 ἀπὸ
465 1095 543 1133 τοῦ
576 1090 739 1144 στιχόω
772 1090 1002 1144 ἐστιχόουν
1036 1090 1337 1145 ἓστιχώμεθα,
1370 1091 1639 1145 ἐστιχόωντο

140 1157 190 1199 cf.
231 1157 335 1199 Lob.
366 1157 395 1198 l.
426 1169 461 1198 c.
497 1156 609 1212 186).
668 1157 884 1200 Immerito
928 1156 1055 1210 igitur
1093 1158 1335 1200 Lobeckius
1373 1158 1524 1201 Rhem.
1560 1160 1636 1200 187

140 1221 410 1265 Eustathium
431 1222 719 1276 reprehendit,
751 1223 822 1276 qui
843 1222 950 1264 haec
970 1222 1100 1264 habet
1135 1224 1256 1275 1618,
1284 1225 1354 1265 12:
1385 1222 1435 1264 τὸ
1468 1220 1640 1278 ἀρόωσι

141 1286 261 1329 ἔοικε
295 1285 508 1341 δευτέρας
540 1283 655 1328 εἶναι
695 1287 925 1342 συζυγίας·
959 1280 1027 1342 ,ἧν
1061 1285 1103 1327 ὅ)
1139 1283 1191 1328 ἂν
1232 1291 1447 1343 καθαρῶς
1487 1291 1640 1343 τρίτης

142 1350 273 1406 εἴπερ
326 1350 548 1406 ἐγράφετο
601 1348 801 1407 ἅρόουσι,
879 1352 990 1393 Nam
1041 1351 1231 1405 profecto
1281 1366 1366 1394 non
1417 1358 1515 1395 sunt
1563 1353 1642 1394 illa

139 1417 340 1471 exempla
370 1419 588 1470 καθαρῶς
617 1419 771 1473 τρίτης
804 1416 1033 1471 συζυγίας,
1081 1417 1156 1460 sed
1196 1430 1223 1459 a
1253 1418 1448 1472 cogitatis
1481 1416 1638 1475 ὄηϊάω,

139 1480 264 1539 ἆράω
297 1481 546 1525 derivanda.

252 1591 290 1629 2.
351 1587 744 1641 Conjunctivus
777 1589 1059 1631 verborum
1090 1590 1141 1631 in
1173 1605 1260 1642 -μι,

252 1662 538 1705 Buttmannus
569 1659 711 1703 docuit
739 1663 765 1715 ξ
798 1664 874 1704 107
908 1662 1009 1705 adn.
1042 1666 1116 1717 33,
1162 1664 1206 1706 in
1246 1663 1313 1706 his
1357 1662 1639 1716 conjunctivis

138 1728 331 1770 vocalem
363 1726 652 1769 contractione
682 1731 818 1769 ortam
850 1728 1030 1770 distrahi
1060 1742 1112 1771 ea
1142 1729 1327 1782 ratione,
1361 1733 1406 1770 ut
1437 1744 1477 1770 ει
1508 1730 1578 1771 vel
1610 1746 1634 1784 η

138 1792 462 1847 praefigeretur,
508 1796 659 1846 postea
697 1797 838 1835 autem
869 1807 1188 1847 nonnumquam
1218 1793 1313 1847 ipsa
1343 1793 1635 1847 corriperetur.

139 1859 190 1901 In
220 1871 302 1913 quo
332 1857 454 1899 multi
487 1871 581 1900 eum
614 1858 746 1900 secuti
776 1862 884 1900 sunt.

252 1940 339 1983 Sed
370 1941 497 1993 longe
527 1941 652 1982 aliter
681 1953 727 1982 se
758 1941 886 1982 habet
915 1953 996 1982 res.
1057 1940 1292 1982 Verborum
1323 1940 1365 1981 in
1398 1956 1492 1993 -μι,
1539 1953 1633 1982 cum

138 2004 393 2048 indicativus
437 2004 576 2047 vocali
613 2004 841 2047 thematica
887 2009 1049 2059 careat,
1095 2005 1390 2059 conjunctivus
1429 2004 1570 2046 vocali
1609 2019 1633 2044 α

138 2075 306 2125 (graece
337 2086 373 2122 0,
407 2077 443 2113 ε)
475 2070 677 2124 stirpibus
707 2069 837 2113 affixa
865 2070 1056 2125 fingitur,
1096 2076 1196 2113 ante
1227 2084 1353 2124 quam
1384 2070 1634 2125 plerumque

137 2136 427 2190 producuntur
464 2135 656 2189 stirpium
693 2137 878 2178 vocales.
947 2137 1013 2177 Ita
1051 2135 1155 2177 fiunt
1186 2134 1445 2191 ’θή-ο-μεν,
1494 2135 1635 2191 δαμή-

140 2217 248 2253 ε-τε,
294 2198 539 2257 στή-ε-τον,
579 2199 813 2254 ὄώ-ο-μεν,
850 2199 1109 2256 γνώ-ο-μεν,
1148 2198 1383 2258 θή-ο-μαι,
1423 2198 1635 2257 βλή-εται

137 2272 215 2310 cet.
264 2267 329 2309 (cf.
360 2267 533 2309 indicat.
571 2268 816 2317 τί-θε-μεν,
860 2265 1084 2320 &hes-mv,
1129 2265 1370 2319 ὄί-ὄο-μεν,
1411 2264 1633 2319 ἔ-ὂο-μεν,

138 2331 388 2389 ἒ-θέ-μην).
438 2332 520 2374 Pro
551 2331 617 2374 his
646 2335 788 2374 autem
819 2344 950 2387 saepe
980 2331 1212 2375 secundum
1242 2331 1467 2374 verborum
1497 2331 1542 2373 in
1574 2348 1633 2373 -ω

137 2398 381 2453 analogiam
414 2397 724 2441 substituuntur
753 2397 915 2444 formae
943 2398 1074 2451 longa
1094 2397 1232 2439 vocali
1259 2396 1507 2451 instructae,
1541 2411 1635 2441 eae-

137 2476 219 2518 que
249 2477 417 2520 semper
445 2463 490 2505 in
521 2462 726 2517 singulari
759 2467 801 2506 et
830 2463 875 2505 in
906 2466 944 2506 3.
976 2463 1084 2519 plur.
1116 2461 1265 2505 activi:
1311 2461 1430 2519 35⁶⁰>
1465 2462 1633 2518 δαμήω,

138 2525 267 2571 ἁλώω
300 2528 348 2584 (σ
378 2528 502 2584 265),
534 2527 676 2585 θήῃς,
711 2527 863 2586 στήῃς,
895 2527 1053 2584 γνώῃς,
1086 2527 1194 2584 θήῃ,
1228 2525 1413 2584 δώῃσιν,
1447 2528 1632 2585 στήωσι,

137 2598 336 2650 φθέωσι,
384 2592 547 2648 δώωσι,
593 2591 782 2648 γνώωσι.
852 2594 1079 2637 Praeterea
1123 2593 1169 2635 in
1212 2596 1246 2635 1.
1287 2594 1397 2649 plur.
1441 2592 1632 2651 θήομεν,
