1803 3230
161 275 239 315 186
825 277 997 322 Mangold

185 392 238 432 39
269 392 313 432 in
346 404 457 433 caes.
498 393 689 434 mascula
728 392 852 446 pedis
892 393 1067 436 secundi
1113 391 1222 446 (eo
1202 406 1238 433 οη
1272 395 1310 432 Β
1344 393 1423 432 579
1455 389 1661 440 κυδιόων

269 460 410 499 πᾶσιν
445 455 493 499 δέ
527 455 659 513 κτλ.);

329 550 367 588 Β
400 549 495 589 293.
527 549 624 589 297.
657 550 753 590 579.
796 552 835 589 Γ
861 551 942 591 325
983 552 1021 590 Ε
1050 551 1144 589 244.
1185 551 1225 588 Ζ
1256 549 1349 589 509.
1384 550 1478 588 514.
1516 550 1567 588 Η
1595 550 1660 589 83.

329 615 424 655 212.
459 616 556 656 448.
592 616 630 656 Θ
658 616 723 655 52.
758 617 854 655 414.
888 617 981 655 527.
1016 617 1057 655 K
1078 616 1172 656 565.
1204 617 1254 654 A
1276 615 1342 655 82.
1377 615 1471 654 601.
1503 615 1661 655 N215.

334 680 370 720 O
404 680 500 722 266.
553 682 648 721 555.
700 682 859 722 Ρ572.
921 684 957 721 Y
988 681 1078 721 172.
1125 681 1220 722 481.
1274 680 1438 721 Φ108.
1489 680 1660 721 Χ321.

333 746 377 785 Ψ
405 747 502 787 632.
535 746 630 786 780.
665 745 705 785 Ω
737 747 832 787 355.
1503 765 1556 776 =
1587 743 1660 798 27)

328 826 356 850 α
389 812 455 851 25.
490 809 515 851 ὁ
550 813 641 866 106.
676 813 712 852 ο
749 813 839 853 196.
872 813 966 854 288.
1000 812 1093 852 509.
1133 810 1156 851 λ
1190 812 1282 852 292.
1320 826 1348 862 μ
1382 811 1476 852 282.
1510 826 1531 851 O
1566 813 1660 852 400.

332 894 355 932 ρ
391 879 484 918 545.
519 891 546 918 0
582 878 672 918 143.
706 893 728 917 τ
760 879 854 918 374.
889 892 921 932 φ
956 879 1051 919 393.
1483 875 1556 931 (Ξ
1592 875 1660 931 12)

272 967 454 1018 Reliqua
484 968 582 1006 sunt
612 964 740 1018 igitur
766 967 842 1006 104
866 965 1077 1018 exempla,
1111 977 1219 1018 quae
1250 965 1442 1019 regulam
1473 969 1661 1007 nostram

156 1032 390 1085 infringere
420 1029 631 1072 videntur.
685 1030 840 1071 Verum
873 1030 908 1071 si
938 1030 1212 1083 repetitiones
1244 1035 1285 1071 et
1315 1030 1518 1072 formulas
1548 1044 1662 1084 pror-

157 1110 229 1139 sus
260 1096 421 1138 similes
460 1108 537 1150 pro
571 1093 749 1147 singulis
789 1107 1081 1146 numeramus,
1129 1108 1309 1148 magnus
1348 1096 1422 1137 ille
1462 1108 1662 1137 numerus

154 1163 213 1205 ita
243 1160 520 1213 imminuitur,
561 1165 606 1202 ut
636 1163 800 1201 tantum
833 1162 886 1201 46
918 1160 1118 1215 exempla
1148 1164 1321 1203 restent.
1383 1160 1468 1204 Sed
1504 1175 1559 1204 ne
1596 1161 1661 1205 his

154 1228 326 1282 quidem
359 1239 685 1276 commovemur,
719 1230 764 1266 ut
793 1238 820 1266 a
850 1226 1065 1267 sententia
1095 1231 1241 1268 nostra
1270 1227 1533 1269 recedamus.

269 1293 360 1335 Hoc
410 1292 524 1335 enim
574 1291 812 1346 posuimus:
879 1297 1103 1334 servarunt
1152 1291 1355 1347 rhapsodi
1405 1293 1662 1336 recentiores

153 1359 312 1401 formas
342 1363 532 1401 vet-ustas
564 1362 606 1399 et
635 1357 669 1398 si
692 1356 851 1398 formae
880 1357 925 1398 in
958 1357 1120 1399 eisdem
1152 1370 1301 1400 versus
1332 1358 1506 1400 sedibus
1532 1372 1661 1414 saepe

153 1425 366 1477 redibant,
400 1428 442 1466 et
462 1424 498 1466 si
520 1435 647 1465 voces
679 1422 722 1463 in
752 1422 944 1464 formulis
976 1423 1240 1465 solemnibus
1271 1436 1401 1478 saepe
1431 1430 1662 1479 usurpatae

153 1491 214 1532 ita
244 1504 338 1532 cum
371 1488 576 1544 proximis
607 1487 910 1540 cohaerebant,
941 1492 987 1529 ut
1017 1489 1169 1530 mutari
1200 1502 1286 1530 non
1317 1494 1504 1543 possent.
1563 1490 1659 1533 Jam

154 1556 423 1599 conferamus
478 1556 526 1594 1‘2
570 1552 800 1595 formarum
852 1553 1132 1608 integrarum,
1188 1557 1266 1596 104
1316 1554 1658 1598 assimulatarum

154 1622 369 1676 exempla.
430 1620 538 1662 Fere
585 1620 627 1660 in
678 1619 875 1662 omnibus
922 1620 1126 1662 formulas
1173 1620 1272 1662 illas
1320 1621 1532 1664 solemnes
1573 1637 1660 1665 non

156 1699 390 1741 agnoscere
420 1698 507 1727 non
537 1685 783 1739 pOssumus:

270 1749 531 1793 ναιετάουσι
578 1748 746 1805 πόληες
796 1748 1074 1801 ἐπιχθονίων
1125 1749 1384 1806 ἀνθρωπων
1425 1756 1466 1793 Δ
1495 1756 1561 1794 45.
1605 1778 1659 1783 -

156 1814 179 1859 ὁ
214 1816 262 1859 δέ
293 1814 336 1858 τ’
371 1813 564 1868 ἐξελάων
596 1813 637 1857 ὑ
626 1812 817 1856 ιακούει
858 1831 881 1855 7.
916 1816 981 1857 83.
1027 1839 1081 1843 -
1127 1814 1335 1870 κραδάων
1377 1817 1660 1870 δολιχόσκιον

155 1882 283 1937 ἔγχος
314 1884 366 1923 Η
393 1883 488 1923 213.
520 1896 545 1921 τ
566 1882 662 1922 438.
693 1904 750 1908 -
780 1883 1044 1922 κατεσκίαον
1079 1880 1126 1923 δὲ
1160 1880 1394 1935 Χάρυβδιν
1425 1899 1455 1935 μ
1488 1886 1582 1926 436.
1606 1909 1659 1914 -

155 1946 417 1991 οὐδὲ.κατὰ
461 1953 624 2001 μοῖραν
673 1949 886 2001 πέραον
932 1943 1100 1988 πάλιν
1148 1950 1198 1987 Π
1233 1950 1311 1990 367
1370 1948 1436 1995 (cf.
1477 1949 1577 1992 item
1615 1951 1660 1993 in

153 2027 264 2057 Caes.
286 2013 426 2055 bucol.
451 2009 638 2063 δόμεναι
659 2011 794 2053 πάλιν
826 2015 877 2053 Α
903 2015 993 2053 116.
1026 2016 1077 2053 Η
1095 2014 1161 2054 79.
1195 2016 1242 2053 Χ
1260 2015 1355 2055 342.
1388 2012 1503 2056 ἰέναι
1523 2013 1659 2058 πάλιν

153 2082 204 2121 Π
231 2081 297 2121 87.
342 2095 357 2119 ι
389 2079 502 2119 225.’
527 2075 659 2119 δώσω
690 2075 826 2119 πάλιν
861 2080 906 2118 Χ
935 2079 1029 2119 259.
1071 2081 1202 2134 νῆχον
1234 2077 1370 2120 πάλιν
1402 2096 1426 2135 η
1460 2081 1573 2132 280).
1603 2105 1659 2110 -

155 2142 255 2186 οὐδ)
299 2141 433 2185 ὕλαον
481 2141 726 2196 προςιόντα
765 2158 799 2182 π
833 2145 870 2184 5.
922 2166 978 2172 —
1026 2147 1140 2196 μέγα
1185 2143 1429 2185 πεινάοντα
1473 2144 1660 2187 δίεσθαι

154 2213 192 2250 Σ
226 2211 316 2250 162.
358 2232 413 2236 -
453 2204 712 2249 άοιδιάουσ)
749 2205 829 2249 ὀπὶ
866 2207 979 2264 καλῇ
1011 2224 1030 2250 ε
1063 2211 1111 2249 61
1148 2208 1212 2258 (cf.
1246 2206 1546 2262 ἀμειβόμεναι
1579 2208 1657 2253 ὀπὶ

154 2274 269 2330 καλῇ
317 2275 368 2314 A
401 2275 496 2315 604.
548 2288 582 2313 ω
615 2276 681 2315 60.
733 2296 786 2302 -
838 2270 1081 2329 ἀειδούσης
1123 2271 1203 2316 ἐπὶ
1244 2274 1356 2329 καλῇ
1397 2290 1420 2315 κ
1454 2276 1565 2326 221).
1604 2299 1658 2305 -

154 2335 356 2382 ἀναίτιον
389 2334 522 2380 οὔταε
553 2335 701 2393 χάλκῳ
731 2353 757 2390 χ
789 2339 884 2380 356.

269 2421 449 2476 Semper
478 2421 522 2463 in
553 2419 637 2463 fine
667 2433 817 2463 versus
847 2420 1066 2475 leguntur:

269 2484 544 2529 αἰτιάασθαι
566 2483 718 2541 ἄνωγα
741 2488 783 2527 K
807 2487 898 2528 120.
920 2509 976 2515 -
997 2485 1315 2541 ἑδριάασθαι’
1295 2484 1468 2542 άνωγεν
1489 2494 1539 2529 Λ
1562 2491 1656 2533 646.

154 2555 249 2596 778.
273 2577 329 2581 -
350 2550 670 2606 ἑδριάασθαι’
652 2548 825 2606 άνωγον
847 2567 872 2606 y
889 2553 955 2594 35.
978 2576 1032 2581 -
1056 2550 1356 2595 δεδάασθαι
1339 2551 1488 2608 άνωγα
1510 2571 1545 2595 π
1562 2557 1656 2598 316.

154 2642 209 2647 -
241 2616 473 2672 κεράασθε
508 2617 555 2660 δὲ
589 2614 711 2659 οἶνον
742 2633 767 2671 y
799 2619 894 2659 332.
927 2641 981 2646 —-—
1013 2615 1235 2671 κερόωντο
1269 2617 1316 2660 δὲ
1350 2634 1473 2660 οινον
1504 2621 1540 2660 θ
1563 2621 1657 2662 470.

153 2707 209 2713 --
240 2681 470 2740 ᾐτιάασθε
494 2680 680 2733 ἕκαστος
710 2686 762 2725 Π
779 2684 874 2725 202.
909 2707 962 2712 -
994 2677 1261 2736 εὐχετόωντο
1286 2682 1476 2734 ἕκαστος
1501 2686 1539 2727 Θ
1562 2686 1656 2728 347.
