1803 3230
165 335 180 371 1
190 333 243 371 96
833 331 1007 377 Mangold

780 677 946 728 CAPUT
976 678 1064 727 VI.

275 798 353 839 DE
386 796 628 840 CETERIS
668 795 1194 840 DISTRACTIONIBUS
1224 792 1550 837 HOMERIGIS.

275 899 374 943 Jam
396 902 541 953 restat,
573 902 619 940 ut
650 898 798 954 paucis
820 898 875 942 de
897 899 957 944 eis
978 898 1155 942 vocibus
1185 909 1324 952 agam,
1356 908 1467 951 quae
1486 898 1667 962 ,praeter

159 966 295 1009 verba
325 966 368 1006 in
399 980 489 1005 -αω
512 964 689 1006 diectasi
716 964 826 1006 affici
848 964 1133 1007 credebantur
1161 963 1231 1005 vel
1253 962 1393 1004 adbuc
1423 961 1664 1005 creduntur.

278 1041 313 1080 1.
364 1037 541 1080 Verba
570 1037 623 1081 in
654 1054 753 1080 -οω.

273 1104 488 1158 Exempla
517 1104 562 1145 in
595 1104 747 1157 quibus
777 1104 892 1158 prior
922 1103 1309 1146 contrahenda-rum
1339 1102 1552 1146 vocalium
1573 1115 1667 1156 pro-

159 1168 289 1211 ducta
318 1168 549 1220 invenitur,
581 1169 701 1210 velut
732 1165 994 1218 ὑπνώοντας
1026 1167 1228 1211 σώεσκον
1260 1169 1316 1211 al.
1343 1168 1502 1221 omitto,
1535 1180 1666 1221 quon-

156 1234 242 1277 iam
275 1233 330 1276 de
359 1233 426 1276 1118
452 1232 544 1287 jam
576 1232 737 1276 dictum
768 1238 833 1276 est
862 1247 903 1288 p.
940 1235 1030 1275 161.
1094 1259 1099 1264 ·

271 1298 455 1341 Formae
484 1299 679 1352 integrae
708 1303 872 1352 autem,
924 1311 1101 1352 quorum
1130 1299 1249 1353 prior
1277 1298 1441 1341 vocalis
1471 1302 1666 1352 correpta

156 1369 235 1418 681,
277 1364 555 1407 inveniuntur
587 1362 755 1420 δηϊόων
787 1367 825 1406 Ρ
852 1366 947 1406 566.
980 1367 1017 1405 Σ
1048 1365 1140 1405 195.
1177 1365 1222 1405 Ψ
1252 1366 1344 1416 176,
1386 1360 1534 1419 ἀρόων
1565 1363 1666 1407 Hes.

157 1428 268 1483 Opp.
315 1432 419 1482 460,
471 1427 614 1485 ἀρόῃς
655 1431 750 1471 479.
827 1429 1127 1483 Explicatione
1173 1443 1260 1471 non
1310 1442 1417 1483 opus
1463 1433 1539 1471 681.
1600 1430 1666 1472 1)6

158 1491 315 1543 σόωσι,
348 1493 474 1550 σόῃς,
508 1492 639 1550 σόῳς,
673 1492 771 1550 σόῃ,
805 1492 897 1550 σόῳ
928 1493 1040 1536 infra
1070 1493 1301 1549 separatim
1331 1498 1492 1547 agetur.

272 1558 360 1601 Sed
382 1562 555 1613 praeter
570 1558 649 1602 has
666 1565 708 1601 61
725 1564 966 1602 contractas
987 1560 1100 1602 aliae
1117 1555 1286 1613 61106116
1302 1563 1475 1601 exstant
1490 1558 1664 1611 formae,

156 1638 267 1679 quae
299 1624 528 1668 distractae
558 1637 653 1668 esse
683 1625 886 1668 videntur
923 1638 946 1668 e
980 1625 1231 1668 contractis:
1278 1622 1468 1681 ὄηϊόῳεν
1510 1623 1534 1665 ὁ
1567 1626 1662 1675 226,

159 1690 404 1747 δηϊόωντες
436 1695 487 1732 Λ
522 1693 622 1739 153,
664 1689 837 1745 ἀρόωσι
870 1708 885 1733 ι
921 1692 999 1732 108
1040 1688 1233 1747 (ἆρόῳςῗ
1278 1690 1377 1733 Hes.
1410 1689 1519 1745 Opp.
1550 1692 1663 1742 479),

159 1755 330 1799 δυόωσι
370 1755 408 1804 (ἵ)
449 1769 489 1797 v.
520 1756 625 1798 Lob.
658 1756 808 1799 Rhem.
845 1758 953 1806 186).
1025 1757 1089 1798 De
1119 1756 1215 1798 aliis
1253 1755 1421 1809 formis,
1463 1769 1569 1810 quas
1607 1756 1664 1798 ad

156 1821 292 1863 verba
322 1821 368 1862 in
398 1837 484 1862 -οω
516 1822 712 1863 nonnulli
742 1826 995 1864 revocarunt
1027 1826 1079 1869 (6.
1100 1835 1141 1875 g.
1164 1822 1449 1864 Buttmannus
1479 1819 1665 1873 ἐσχατό-

157 1902 289 1937 ωντα,
335 1884 677 1939 ἐστρατόωντο),
708 1899 748 1927 v.
780 1886 885 1928 Lob.
918 1886 1067 1929 Rhem.
1102 1888 1181 1929 182
1213 1899 1304 1940 sqq.

271 1952 338 1994 De
367 1950 455 1994 illis
476 1950 764 1993 Buttmannus
786 1952 811 2003 ξ
838 1955 929 2004 105,
960 1951 1060 1994 adn.
1079 1954 1104 1993 6
1134 1951 1302 1994 scribit:
1334 1951 1462 2004 „Alle
1483 1951 1663 1994 Formen
1728 1995 1731 1998 Δ

155 2018 233 2060 mit
265 2017 341 2060 der
361 2016 652 2072 Zerdehnung
683 2033 745 2059 οω
778 2016 867 2059 und
899 2033 960 2059 ωο
993 2017 1090 2060 sind
1120 2017 1188 2060 bei
1221 2017 1306 2060 den
1328 2018 1523 2072 Epikern
1554 2018 1663 2061 auch

157 2083 242 2126 den
282 2082 455 2124 Verben
494 2083 569 2124 auf
604 2098 667 2123 οω
705 2085 898 2136 gemein,
945 2083 1142 2137 obgleich
1181 2084 1243 2125 sie
1286 2083 1356 2125 bei
1407 2082 1554 2126 diesen
1593 2084 1668 2125 auf

156 2149 326 2204 cignem
358 2147 493 2202 Wege
531 2147 676 2191 weder
715 2148 849 2192 durch
886 2148 1128 2203 Auflosung
1165 2148 1275 2191 noch
1317 2147 1450 2191 durch
1478 2148 1664 2192 Zerdeh-

155 2227 277 2267 nung
317 2214 542 2255 entstehen
579 2214 800 2255 konnen.⁴⁴
861 2215 912 2255 In
952 2215 1104 2266 quibus
1143 2215 1319 2256 maximi
1358 2214 1563 2256 momenti
1602 2220 1665 2257 681

156 2278 273 2333 611οᾶ
317 2275 500 2320 addidit.
562 2277 670 2320 Nam
709 2291 754 2321 re
793 2292 896 2322 vera
935 2292 988 2321 ex
1028 2279 1177 2320 horum
1216 2279 1443 2321 verborum
1488 2278 1664 2322 historia

156 2350 289 2399 atque
335 2357 388 2387 ex
431 2343 563 2398 justis
607 2344 818 2386 vocalium
862 2344 1169 2387 mutationibus
1213 2358 1299 2386 non
1343 2343 1661 2398 intelleguntur,

155 2410 339 2452 Formae
377 2407 663 2452 intermediae
700 2409 811 2463 inter
849 2409 1040 2463 integras
1080 2415 1122 2452 et
1161 2412 1401 2451 contractas
1440 2422 1534 2452 6886
1576 2424 1664 2452 11011

156 2480 351 2530 possunt,
384 2475 485 2529 quia
517 2472 709 2531 δηιόῳεν
730 2474 922 2517 contrabi
944 2487 1121 2519 necesse
1141 2479 1233 2517 erat
1253 2474 1297 2516 in
1329 2473 1506 2531 ὁηϊῴεν,
1540 2474 1664 2533 δηϊό-

158 2556 297 2590 ωντες
327 2541 371 2582 111
404 2539 634 2597 δηϊιῦντες,
666 2537 839 2594 ἀρόωσι
869 2539 914 2581 111
946 2534 1103 2594 ἇριῦσι.

274 2606 337 2649 Re
379 2619 480 2649 vera
522 2606 653 2660 igitur
696 2609 795 2648 sunt
839 2604 1099 2648 distractae?
1162 2604 1318 2659 Immo,
1370 2605 1453 2649 hae
1497 2619 1663 2662 quoque

157 2671 322 2714 formae
370 2685 458 2714 non
507 2676 687 2726 possunt
738 2669 945 2725 explicari
994 2669 1076 2713 nisi
1116 2683 1169 2713 ex
1208 2670 1527 2715 Homericorum
1576 2686 1665 2716 car-

158 2737 321 2780 minum
353 2735 542 2779 historia.
604 2737 702 2779 Non
738 2736 908 2779 fuerunt
945 2749 1133 2791 unquam
1164 2736 1208 2779 in
1238 2736 1408 2792 vulgari
1446 2751 1545 2793 usu,
1586 2738 1664 2783 sed
