1803 3230
693 190 747 225 De
772 190 923 225 diectasi
947 191 1136 226 homerica.
1585 188 1663 228 183

280 307 389 350 Nam
420 306 493 361 qui
513 306 695 350 Iliadem
718 310 760 349 et
780 304 1018 361 Odyssean]
1040 331 1094 335 —
1116 311 1161 348 ut
1192 307 1251 349 ita
1281 306 1420 349 dicam
1452 332 1505 337 —
1537 306 1662 361 primi

164 377 472 416 contexuerunt
500 374 571 414 vel
609 373 751 426 potius
790 371 914 425 primi
944 371 1114 425 singula
1144 373 1333 415 carmina
1363 373 1660 425 condiderunt,

165 451 188 480 e
227 439 377 492 quibus
421 443 572 492 postea
619 436 701 478 duo
739 437 816 478 illa
854 448 1011 489 magna
1048 438 1237 479 carmina
1276 439 1511 493 composita
1549 443 1659 490 sunt,

164 504 255 546 sine
296 504 423 546 dubio
463 517 515 546 ea
553 502 702 555 lingua
740 502 804 544 usi
834 505 955 554 sunt,
1001 506 1200 554 quatum
1231 516 1378 546 omnes
1416 504 1660 555 utebantur,

163 569 189 610 i.
212 582 246 611 e.
271 582 322 611 ea
351 569 512 622 lingua,
543 580 653 621 quae
683 580 777 609 cum
802 567 953 620 ‚lingua
984 567 1149 620 vulgari
1180 567 1486 622 rhapsodorum
1517 582 1662 611 recen-

162 636 315 677 tiorum
337 634 492 676 aetatis
514 637 762 687 comparata
792 636 1081 687 pervetustam
1111 633 1288 675 haberet
1308 634 1506 687 speciem.
1555 633 1659 676 Cum

161 713 262 743 vero
302 699 492 741 carmina
529 702 697 740 vetusta
735 698 812 739 illa
850 698 998 751 lingua
1040 699 1222 752 primum
1262 698 1435 740 condita
1471 699 1659 741 nondum

161 765 313 820 litteris
343 764 661 815 mandarentur,
702 762 779 805 sed
808 776 834 805 a
865 767 986 817 patre
1016 762 1096 815 fili,
1136 777 1162 805 a
1192 763 1278 806 filio
1309 765 1477 818 nepotis
1507 778 1661 807 memo-

162 832 250 872 riae
304 830 574 872 traderentur
627 828 756 882 idque
811 842 860 870 eo
914 834 1127 883 tempore,
1198 843 1278 883 quo
1331 830 1662 884 haudquaquam

161 895 328 950 poetica
364 895 498 937 virtus
544 894 810 945 evanuisset,
862 894 938 936 sed
986 895 1108 936 multi
1152 899 1315 946 essent,
1368 908 1473 948 quos
1516 895 1661 936 divino

160 961 306 1004 afflatu
338 961 617 1016 dignarentur
646 960 813 1003 Musae:
859 959 1033 1005 minime
1063 965 1127 1002 est
1156 960 1409 1014 mirandum,
1441 960 1555 1015 quod
1586 959 1661 1002 filii

161 1042 246 1069 non
278 1028 406 1069 anxio
437 1027 579 1069 animo
610 1026 734 1068 veriti
764 1030 882 1077 sunt,
924 1039 979 1068 ne
1018 1026 1200 1068 litteram
1232 1040 1258 1068 a
1288 1027 1481 1081 patribus
1512 1040 1661 1081 aecep-

160 1099 245 1135 tam
278 1096 502 1134 mutarent.
563 1092 713 1144 Neque
743 1091 879 1144 magis
900 1090 1140 1132 mirandum
1172 1097 1249 1144 est,
1282 1092 1393 1145 quod
1424 1093 1487 1133 illi
1517 1105 1660 1135 recen-

159 1159 308 1211 tiores,
361 1170 617 1211 quamquam
659 1157 703 1197 in
742 1156 985 1198 universum
1030 1157 1220 1199 carmina
1263 1170 1349 1198 non
1394 1158 1542 1211 lingua
1582 1159 1660 1200 illa

160 1228 339 1274 vetusta,
371 1222 447 1265 sed
476 1222 665 1277 ipsorum
695 1221 847 1264 aetatis
877 1221 1024 1275 lingua
1053 1222 1219 1275 vulgari
1245 1228 1484 1273 cantarunt,
1515 1229 1659 1267 tamen

161 1294 202 1332 et
231 1287 422 1342 singulas
452 1287 676 1339 formulas,
723 1300 832 1340 quae
868 1287 912 1328 in
952 1286 1114 1329 eisdem
1145 1300 1294 1330 versus
1324 1288 1498 1331 sedibus
1529 1302 1659 1344 saepe

159 1368 238 1397 usu
259 1354 467 1405 venirent,
501 1356 543 1394 et
572 1356 683 1394 totos
714 1364 862 1394 versus
894 1352 962 1394 vel
993 1352 1283 1404 hemistichia,
1316 1366 1425 1406 quae
1455 1367 1586 1409 saepe
1616 1355 1659 1396 in

158 1421 244 1462 illis
274 1417 533 1461 carminibus
563 1416 769 1470 redirent,
815 1416 998 1470 ideoque
1027 1417 1071 1458 in
1103 1417 1256 1460 animis
1288 1419 1407 1472 quasi
1445 1419 1660 1474 insculpta

159 1488 303 1528 essent
342 1488 470 1536 atque
507 1482 569 1524 ita
607 1481 853 1524 viderentur
898 1482 1039 1536 poesis
1079 1482 1226 1536 epicae
1275 1484 1467 1538 propria,
1515 1489 1560 1526 ut
1598 1498 1659 1528 re-

159 1550 318 1592 moveri
351 1562 437 1590 non
468 1552 655 1602 possent,
688 1561 853 1590 summa
882 1548 1043 1602 pietate
1074 1554 1308 1591 servarunt.

273 1616 327 1657 Et
365 1627 410 1656 re
448 1627 551 1656 vera
589 1626 641 1655 ex
679 1617 879 1655 accurata
917 1613 1065 1655 harum
1106 1627 1245 1656 rerum
1285 1614 1559 1668 inquisitione
1605 1639 1656 1644 —

159 1681 391 1725 dolendum
433 1683 517 1733 est,
564 1679 676 1733 quod
717 1679 858 1721 adhuc
888 1693 1037 1734 parum
1068 1680 1147 1722 has
1177 1680 1221 1721 in
1251 1693 1318 1723 res
1349 1680 1659 1736 inquisiverunt

157 1748 237 1790 viri
270 1746 382 1789 docti
411 1770 466 1774 —
496 1749 697 1799 apparet,
743 1744 900 1788 formas
939 1745 1038 1787 illas
1068 1750 1258 1788 vetustas
1296 1746 1384 1789 fere
1415 1759 1585 1800 semper
1612 1749 1656 1789 in

157 1814 282 1857 certis
323 1811 576 1865 quibusdam
608 1824 754 1853 versus
794 1810 968 1853 sedibus
998 1811 1066 1853 Vel
1098 1810 1141 1852 in
1172 1811 1435 1854 solemnibus
1465 1814 1656 1856 formulis

157 1878 346 1934 reperiri.
396 1877 462 1917 Ita
492 1875 742 1930 saepissime
772 1892 799 1916 F
828 1877 871 1917 in
901 1876 1093 1918 formulis
1123 1881 1294 1918 servata
1324 1881 1408 1926 est;
1439 1878 1500 1919 ita
1528 1891 1656 1931 gene-

157 1946 267 1988 tivos
297 1944 341 1985 in
379 1957 473 1982 -οιο
513 1941 739 1994 plerosque
769 1940 813 1982 in
844 1942 970 1983 certis
1009 1941 1113 1983 locis
1144 1941 1212 1982 vel
1242 1941 1286 1982 in
1317 1941 1508 1984 formulis
1538 1957 1656 1986 usur·

157 2011 250 2066 pari
281 2006 587 2052 demonstravit
615 2006 892 2061 Leskienius;
936 2011 1064 2060 atque
1102 2005 1216 2049 idem
1257 2006 1385 2049 etiam
1425 2006 1480 2050 de
1509 2007 1655 2053 formis

157 2076 381 2120 verborum
402 2073 446 2114 in
467 2087 555 2112 -αω
577 2070 850 2114 statuendum
872 2084 978 2124 esse,
1010 2085 1088 2113 nos
1112 2071 1205 2125 jam
1236 2073 1418 2127 probare
1439 2086 1653 2117 conemur.

270 2140 519 2183 Formarum
543 2137 802 2191 integrarum
827 2137 1027 2192 exempla
1052 2136 1096 2178 in
1117 2136 1254 2180 Iliade
1273 2136 1554 2193 Odysseaque
1584 2153 1654 2183 ex-

157 2212 271 2250 stant
302 2208 355 2248 64
387 2202 549 2252 (formis
579 2203 750 2256 saepius
779 2202 972 2258 repetitis
1003 2216 1078 2257 pro
1109 2202 1288 2256 singulis
1318 2205 1551 2247 numeratis
1582 2208 1653 2255 35)

158 2279 198 2316 et
237 2271 407 2327 quidem
451 2270 495 2311 in
539 2268 730 2311 versibus
770 2269 836 2310 63.
895 2268 989 2310 Hae
1032 2281 1133 2311 vero
1171 2268 1331 2311 formae
1369 2282 1455 2311 non
1498 2263 1654 2325 ubique

156 2340 436 2393 usurpantur,
485 2334 561 2377 sed
600 2334 687 2376 fere
718 2346 886 2389 semper
916 2339 988 2376 aut
1017 2334 1061 2375 in
1093 2332 1176 2376 fine
1206 2347 1352 2376 versus
1383 2340 1457 2377 aut
1486 2336 1530 2378 in
1562 2350 1656 2380 eae-

157 2418 255 2447 sura
285 2402 461 2458 majore.
473 2398 519 2456 ²⁵)

248 2559 291 2600 25)
308 2558 430 2592 Etiam
454 2559 532 2595 aliis
557 2559 593 2594 in
617 2547 726 2593 rebus
750 2566 917 2592 caesuras
941 2556 1034 2591 idem
1058 2557 1174 2592 valere
1199 2566 1241 2592 ac
1267 2566 1394 2593 versus
1419 2558 1655 2608 finem-docet

156 2609 255 2645 Imm.
280 2612 479 2657 Bekkerus,
504 2612 630 2657 „Hom
657 2611 734 2646 Bl.“
758 2611 786 2654 I,
816 2613 887 2645 144.
