1803 3230
665 210 719 245 De
744 210 894 245 diectasi
917 210 1107 247 homerica.
1557 210 1633 248 151

141 340 225 382 que
263 328 483 382 quisquam
522 326 837 371 Mehlhornium
877 327 947 369 vel
985 327 1190 370 Sonnium
1228 329 1298 370 vel
1336 327 1533 371 Suhlium
1575 342 1638 371 se-

140 398 261 437 cutus
291 392 398 449 sit2),
430 391 729 436 revertendum
759 396 836 446 est,
866 391 981 435 unde
1010 393 1190 447 digressi
1218 407 1374 437 sumus.

254 459 356 502 Post
395 458 702 512 Goettlingium
741 458 846 501 Leo
884 458 1129 513 Meyerus
1172 459 1225 501 K.
1265 461 1311 501 Z.
1354 460 1419 512 X,
1453 463 1505 501 45
1545 472 1636 513 sqq.

142 525 257 568 illius
302 524 356 567 de
399 523 723 566 assimulatione
767 523 981 565 sententia
1031 529 1203 578 recepta
1247 523 1471 579 denuoque
1514 538 1638 578 argu-

140 591 320 633 mentis*
354 588 602 630 confirmata
620 587 651 642 ³)
711 588 872 641 primus
931 589 1091 642 optime
1141 589 1357 632 intellexit
1404 595 1637 644 aperteque

139 656 274 699 edixit
303 654 502 697 formas
531 652 903 705 assimulatas,
944 667 1026 708 quo
1060 653 1232 697 nomine
1264 654 1358 709 jam
1388 655 1448 697 uti
1477 656 1635 709 licebit,
1667 690 1673 696 .

139 735 235 765 esse
282 719 560 763 intermedias
608 720 719 763 inter
767 720 955 774 integras
1005 724 1132 774 atque
1185 725 1437 764 contractas.
1516 722 1635 765 Idem

139 786 301 842 primus
349 789 438 828 tum
485 785 624 828 solum
661 799 739 828 usu
776 785 924 829 venire
973 785 1086 827 hanc
1135 785 1503 830 assimulationem
1546 800 1638 842 per-

137 852 302 907 spexit,
335 865 428 893 cum
458 851 667 905 posterior
696 852 858 894 vocalis
882 851 975 904 jam
1005 855 1136 893 antea
1165 852 1294 904 longa
1323 851 1535 906 fuisset⁴)‚
1578 853 1638 894 ita

138 921 184 960 ut
225 917 344 960 nullo
384 915 510 959 modo
550 915 606 958 ad
646 929 793 959 versus
841 915 1095 972 pangendos
1133 915 1407 959 distractione
1457 929 1638 960 commo·

137 983 279 1025 diores
320 982 599 1025 redderentur
635 982 807 1024 formae.
868 982 913 1025 Si
953 986 1095 1023 autem
1125 995 1172 1024 re
1209 995 1312 1024 vera
1352 982 1530 1025 distrahi
1561 997 1637 1038 po-

136 1052 248 1091 terat
285 1043 403 1102 ὁρόω
436 1060 488 1090 ex
529 1043 644 1102 ὁρῶ,
684 1046 852 1102 quidni,
892 1048 1147 1102 interrogat,
1188 1046 1315 1091 etiam
1348 1045 1522 1103 ὁρῶμεν
1554 1048 1637 1092 dis-

137 1114 387 1156 trahebatur
424 1115 468 1155 in
508 1110 778 1167 *ὁροωμενῗ
836 1113 956 1155 Prior
1000 1114 1161 1156 vocalis
1202 1113 1276 1155 ubi
1322 1115 1530 1167 producta
1573 1115 1635 1156 in-

138 1177 326 1227 venitur,
376 1178 495 1220 utin
534 1176 787 1231 μενοινώω,
828 1176 1112 1234 μενωνήῃσι,
1154 1176 1349 1234 ἡβώωσα
1388 1178 1495 1232 sim.,
1546 1179 1634 1221 Leo

141 1243 338 1298 Meyerus
368 1243 480 1285 hanc
511 1242 831 1297 productionem
862 1242 1056 1297 poeticae
1094 1243 1293 1285 licentiae
1333 1243 1500 1296 tribuit,
1552 1257 1636 1298 qua

137 1308 183 1349 in
222 1313 268 1350 re
299 1320 393 1349 cum
426 1321 475 1351 eo
515 1308 655 1350 facere
685 1320 771 1349 non
806 1321 1041 1362 possumus.
1110 1308 1323 1351 Posterior
1360 1309 1523 1351 vocalis
1564 1310 1636 1351 ubi

138 1372 346 1427 producta
375 1372 535 1415 tradita
565 1373 631 1427 sit,
663 1387 739 1428 pro
761 1385 812 1415 ea
831 1373 1136 1416 restituendam
1168 1374 1354 1427 brevem,
1385 1374 1530 1429 itaque
1559 1388 1635 1430 pro

137 1436 365 1490 ὃρόωντο,’
389 1436 602 1494 ὃρόωντα,
643 1434 810 1493 ὁρόῳτε
857 1438 950 1481 sim.
991 1439 1260 1482 scribendum
1301 1452 1394 1482 esse
1433 1437 1633 1495 ὃρόοντο,

137 1499 340 1556 ὃρόοντα,
381 1499 557 1558 ὃρόοιτε
589 1508 666 1545 cet.
692 1502 924 1546 contendit.
983 1504 1093 1546 Nam
1123 1503 1237 1558 quod
1269 1501 1454 1560 ὃρὸοντο
1485 1510 1635 1559 postea

136 1569 181 1611 in
213 1566 402 1621 ὁρῶντο,
434 1582 519 1610 non
549 1568 594 1610 in
626 1565 814 1622 ὃροῦντα
844 1568 1018 1622 abierit,
1053 1568 1392 1623 antiquissimam
1422 1571 1493 1613 vel
1522 1576 1635 1614 certe

137 1634 333 1676 omnibus
370 1632 465 1675 aliis
504 1633 803 1676 contractionis
840 1633 999 1687 regulis
1037 1634 1318 1688 antiquiorem
1357 1646 1452 1677 esse
1481 1636 1634 1689 legem,

135 1711 221 1752 qua
260 1697 366 1741 duas
406 1698 576 1741 vocales
613 1698 765 1741 breves
803 1698 848 1741 in
886 1699 1059 1753 longam
1100 1699 1291 1753 ejusdem
1329 1701 1500 1753 generis
1539 1713 1635 1743 con-

133 1764 246 1806 trahi
276 1764 331 1806 sit
353 1763 535 1817 jussum.

250 1828 412 1881 Quibus
453 1830 674 1872 oblocutus
713 1829 1053 1873 Dietrichius
1094 1830 1146 1872 K.
1187 1831 1232 1873 Z.
1265 1831 1393 1885 XIII,
1427 1833 1509 1874 434
1541 1845 1631 1885 sqq.

135 1895 295 1949 optimo
319 1895 417 1948 jure
448 1909 535 1937 non
565 1896 696 1938 licere
725 1896 848 1938 nobis
878 1900 1035 1949 monet,
1076 1897 1172 1950 lege
1202 1896 1385 1950 quadam
1416 1897 1633 1940 abstracta

229 2082 255 2124 2)
279 2080 381 2116 Unus
406 2080 638 2125 excipiendus
663 2085 718 2117 est
740 2082 927 2126 Bergkius,
953 2082 1013 2126 qui
1037 2081 1123 2125 ‚,Gr.
1148 2081 1367 2123 Littgesch.“
1391 2081 1419 2123 I,
1435 2084 1500 2116 568
1526 2082 1634 2118 simili

136 2135 277 2170 ratione
302 2135 476 2179 explanat.
495 2134 668 2170 diectasin
692 2139 801 2181 atque
824 2136 886 2171 illi.
934 2135 989 2171 Eo
1014 2139 1155 2171 tantum
1181 2134 1314 2178 differt,
1352 2134 1447 2179 quod
1470 2136 1632 2171 vocalem

134 2189 234 2225 illam
257 2189 361 2225 valde
383 2188 596 2235 productam
627 2192 755 2234 postea
779 2201 852 2226 non
877 2191 992 2226 solum
1016 2190 1213 2235 scriptura,
1250 2189 1312 2225 sed
1337 2190 1446 2225 etiam
1468 2201 1631 2235 pronun-

133 2244 287 2280 tiatione
322 2244 361 2278 in
396 2243 485 2278 duas
521 2242 670 2278 divisam
706 2255 786 2280 esse
821 2244 954 2280 credat.
1004 2244 1222 2289 Quamquam
1252 2243 1329 2288 ipse
1360 2254 1395 2287 p.
1422 2247 1488 2279 862
1527 2244 1630 2280 dicit:

139 2298 268 2342 „allein
293 2297 375 2333 dass
400 2298 462 2333 der
486 2297 638 2333 Dichter
660 2308 751 2343 ganz
784 2298 851 2335 frei
886 2299 961 2335 und
985 2298 1197 2335 willkiirlich
1221 2297 1277 2333 die
1301 2297 1489 2333 Elemente
1515 2299 1633 2336 seiner

134 2352 336 2388 bildsamen
371 2352 662 2396 Muttersprache
696 2353 900 2389 verwendet
934 2354 1044 2395 habe,
1091 2353 1154 2387 wie
1191 2351 1376 2387 mehrfach
1411 2352 1523 2388 altere
1559 2354 1633 2395 und

136 2416 267 2441 neuere
279 2406 541 2442 Grammatiker
561 2406 753 2449 urtheilen,
777 2407 828 2442 ist
844 2408 922 2443 eine
937 2407 1109 2451 Auklage,
1135 2406 1190 2441 die
1205 2415 1287 2440 man
1311 2406 1414 2442 nicht
1439 2418 1479 2443 so
1504 2408 1631 2444 leicht-

136 2460 199 2496 hin
224 2460 466 2506 aussprechen
494 2460 635 2496 sollte.“

229 2516 255 2559 ³)
289 2515 396 2551 Haud
431 2514 505 2550 scio
542 2525 588 2550 an
625 2515 668 2551 de
701 2526 765 2551 suo
798 2516 835 2551 in
866 2516 959 2551 hanc
994 2514 1206 2550 seutentiam
1238 2514 1387 2550 venerit.
1438 2515 1633 2560 Goettlingi

134 2573 233 2605 certe
258 2570 473 2605 mentionem
498 2580 570 2605 non
592 2570 691 2605 facit.

230 2625 254 2668 ⁴)
278 2623 397 2659 Unum
423 2623 532 2657 ἄαται
556 2624 710 2660 fortasse
736 2623 980 2669 excipiendum
1006 2632 1093 2664 esse,
1120 2632 1231 2667 supra
1255 2622 1409 2659 diximus
1434 2635 1467 2669 p.
1499 2628 1572 2659 145.
