1803 3230
166 297 240 336 146
826 279 1002 342 Mangold

136 419 300 456 >tamen
339 412 616 456 distractione
654 413 730 455 illa
769 426 865 456 eum
904 429 989 457 non
1029 416 1235 458 minorem
1275 416 1403 458 risum
1446 418 1657 457 moturum

154 478 287 521 fuisse
318 478 493 521 Graecis
524 478 664 531 credo,
698 492 824 532 quam
854 480 979 522 nobis
1008 484 1176 523 nostros
1206 481 1240 523 si
1272 481 1499 523 dixissent:

156 566 299 620 „Seiei
327 572 536 621 gegrstsst,
579 581 603 608 o
630 566 778 621 Beerg,
816 568 893 609 mit
921 568 1128 611 roothlich
1161 567 1451 611 strahlendem
1485 565 1656 620 Gipfel“

156 632 227 674 vel
258 631 440 685 „Haabe
462 631 588 675 stadt
607 631 697 673 und
718 632 887 675 Strasse
907 633 994 674 niie
1014 647 1060 694 so
1082 634 1168 675 still
1197 632 1453 687 geseehen.“

271 731 327 772 Hi
359 745 508 774 omnes
538 732 666 785 igitur
695 733 803 773 mira
833 732 908 773 illa
938 736 1127 774 veterum
1157 732 1210 775 de
1230 733 1447 775 vocalibus
1478 730 1659 773 divulsis

158 796 353 839 doctrina
401 810 448 840 se
496 796 681 839 liberare
729 810 815 839 non
864 800 1103 851 potuerunt.
1162 797 1382 839 Liberavit
1418 810 1520 840 vero
1562 808 1658 839 sese

158 863 541 915 Goettlingius
579 862 723 915 „Allg.
754 862 801 903 L.
836 876 872 903 v.
905 876 966 915 gr.
998 863 1127 904 Acc.“
1158 865 1210 904 97
1242 876 1346 915 sqq„
1388 861 1458 915 qui
1498 861 1660 915 primus

157 922 453 982 cogitari'non
482 939 610 981 posse
641 925 695 968 de
733 926 900 980 poetica
930 927 1123 978 licentia,
1170 927 1247 969 sed
1284 927 1344 968 ita
1382 924 1660 979 accipiendas

158 1005 253 1035 esse
281 992 439 1034 formas
468 991 591 1044 illas,
633 994 679 1032 ut
708 991 1126 1034 assimulatione
1158 991 1429 1034 vocalium
1461 995 1502 1032 et
1533 987 1657 1042 εὔχε-

157 1055 282 1107 τάεις
311 1057 355 1098 in
387 1053 601 1112 εὖχετάᾳς
632 1060 673 1098 et
705 1053 896 1110 ὃράοντα
924 1057 967 1099 in
990 1054 1190 1111 ὃρόωντα
1220 1060 1382 1098 mutata
1413 1068 1507 1098 esse
1536 1059 1658 1110 puta—

156 1135 309 1170 remus,
342 1121 502 1175 optime
533 1126 661 1174 atque
692 1120 849 1164 diserte
881 1122 1061 1164 edocuit.
1121 1121 1257 1172 Quam
1288 1120 1655 1163 assimulationem

156 1186 190 1228 si
220 1186 506 1240 agnoscimus,
539 1199 625 1228 non
656 1199 892 1240 possumus7
924 1186 1025 1240 quin
1057 1183 1147 1241 ὁρῶ
1180 1198 1235 1228 ex
1266 1182 1384 1240 ὁρόω
1416 1189 1552 1228 ortum
1583 1198 1654 1227 ne-

155 1264 249 1305 que,
282 1250 328 1292 id
358 1251 472 1304 quod
492 1251 718 1293 voluerunt
737 1255 903 1294 veteres
925 1256 966 1293 et
985 1251 1264 1293 recentiorum
1286 1264 1391 1304 quos
1419 1250 1655 1303 nominavi,

155 1312 273 1369 ὁρόω
307 1329 361 1359 ex
393 1313 484 1371 ὁρῶ
516 1316 763 1359 distractum
795 1330 889 1360 esse
919 1316 1127 1371 putemus.

271 1381 394 1423 Hanc
424 1382 538 1424 viam
569 1396 595 1424 a
625 1382 887 1435 Goettlingio
928 1384 1095 1436 egregie
1125 1382 1329 1424 munitam
1368 1382 1561 1436 plerique
1591 1382 1655 1423 in-

153 1447 290 1499 gressi
328 1447 458 1489 etiam
497 1447 664 1501 longius
703 1447 903 1501 progredi
943 1451 1191 1501 potuerunt,
1237 1447 1291 1489 de
1329 1447 1480 1501 quibus
1518 1447 1653 1501 prius-

154 1525 282 1564 quam
313 1511 515 1563 referam,
561 1518 795 1554 ceterorum
826 1512 1070 1566 opiniones,
1118 1511 1188 1564 qui
1226 1512 1396 1564 quidem
1435 1512 1532 1555 aliis
1570 1513 1655 1555 viis

153 1576 210 1618 ad
241 1575 497 1631 cognitionis
525 1577 749 1620 veritatem
788 1590 834 1619 86
871 1580 1151 1631 perventuros
1182 1589 1274 1619 esse
1311 1577 1538 1631 putabant,
1581 1590 1652 1620 ex-

153 1640 415 1698 aminandae
444 1646 573 1695 atque
601 1642 892 1686 recensendae
923 1647 1032 1685 sunt.

267 1715 330 1757 Ac
361 1715 738 1759 Mehlhornius
777 1729 839 1770 gr.
869 1729 931 1770 gr.
964 1718 1017 1757 94
1064 1714 1235 1769 quidem
1274 1729 1527 1770 quamquam
1568 1717 1653 1760 dis—

152 1780 374 1823 tractionis
403 1794 561 1824 nomen
593 1780 970 1835 (‚,Zerdehnung“)
1002 1794 1028 1822 a
1058 1780 1329 1833 Buttmanno‚
1361 1782 1472 1835 quod
1504 1782 1652 1836 sciam,

150 1847 372 1888 inventum
402 1846 496 1900 ipse
526 1851 681 1900 servat,
713 1847 837 1889 aliter
857 1859 946 1889 rem
971 1846 1052 1888 sibi
1073 1845 1193 1900 fingit
1214 1850 1340 1900 atque
1370 1847 1455 1890 ille.
1507 1848 1654 1891 Habet

151 1912 264 1954 enim
295 1911 423 1954 haec:
463 1911 556 1964 „sie
587 1914 658 1963 (sc.
691 1913 878 1961 vocales)
909 1911 1006 1954 sind
1036 1911 1162 1954 beide
1191 1910 1349 1964 fliissig‚
1380 1912 1505 1955 beide
1535 1917 1649 1967 mog-

150 1976 416 2020 licherweise
446 1976 550 2031 lang
582 1976 687 2019 oder
716 1977 835 2030 kurz‚
867 1976 955 2019 und
986 1975 1062 2019 der
1091 1989 1226 2031 ganze
1252 1976 1425 2019 Prozess
1455 1978 1509 2020 ist
1536 1992 1650 2021 zwar

151 2042 442 2096 merkwiirdig
477 2055 640 2097 genug,
686 2043 791 2086 aber
831 2042 940 2094 doch
984 2056 1062 2097 gar
1105 2042 1223 2085 nicht
1265 2043 1533 2086 unnatiirlich
1578 2044 1649 2088 bei

151 2108 288 2150 einem
330 2107 520 2157 Dichter,
565 2107 642 2150 der
679 2122 726 2150 so
763 2107 842 2150 frei
882 2108 986 2150 iiber
1022 2107 1093 2149 die
1124 2107 1417 2160 Vocallangen
1456 2108 1648 2151 schaltet.

151 2173 254 2215 Hier
282 2173 338 2215 ist
365 2172 554 2214 namlich
584 2173 732 2216 weiter
762 2173 923 2226 nichts,
955 2173 1020 2215 als
1050 2173 1148 2216 eine
1177 2172 1243 2215 bis
1272 2186 1321 2214 zu
1351 2172 1455 2214 zwei
1486 2172 1648 2228 Sylben

150 2236 807 2292 gesteigerte·Verlangerung.“
866 2239 917 2279 In
957 2239 1109 2291 quibus
1147 2238 1253 2279 mire
1292 2238 1373 2280 sibi
1412 2238 1504 2291 ipse
1534 2239 1651 2281 oblo-

151 2302 312 2357 quitur:
362 2301 482 2344 initio
521 2302 632 2345 enim
672 2303 978 2346 enuntiationis
1019 2303 1072 2345 de
1110 2302 1276 2345 duabus
1314 2303 1553 2355 vocalibus,
1603 2305 1646 2346 in

151 2367 233 2411 fine
272 2367 325 2410 de
366 2381 454 2410 una
491 2367 622 2411 valde
660 2370 868 2423 producta
907 2369 1039 2412 verba
1077 2368 1189 2411 facit.
1250 2368 1316 2410 Ita
1345 2373 1486 2411 autem
1517 2369 1650 2412 Mehl-

153 2433 326 2475 hornius
355 2433 616 2476 anomaliam
648 2435 949 2490 explicandam
989 2434 1204 2477 censuisse
1235 2434 1424 2476 videtur:
1474 2434 1646 2489 longam

153 2498 346 2540 vocalem
376 2499 667 2542 contractione
705 2501 901 2543 effectam
941 2500 1049 2543 adeo
1090 2499 1265 2554 produci
1296 2513 1421 2553 posse
1451 2513 1478 2541 a
1507 2506 1645 2554 poeta,

150 2571 197 2604 ut
226 2563 352 2606 trium
382 2564 451 2605 vel
482 2569 679 2618 quattuor
709 2579 920 2607 morarum
951 2565 1044 2607 vice
1074 2564 1331 2618 fungeretur.
1376 2563 1444 2606 Ad
1466 2565 1646 2608 eandem

152 2628 240 2671 fere
257 2628 526 2672 'sententiam
556 2631 753 2684 pervenit
773 2631 1028 2683 Sonnius‚
1061 2630 1129 2684 qui
1154 2630 1205 2671 K.
1227 2631 1272 2672 Z.
1295 2630 1417 2683 XIII,
1452 2633 1533 2673 414
1555 2645 1646 2686 sqq.

152 2693 378 2735 subtilibus
427 2706 530 2753 sane
578 2699 706 2750 atque
745 2696 971 2749 sagacibus
1016 2696 1070 2738 de
1108 2695 1309 2738 diectasis
1354 2699 1507 2739 natura
1551 2710 1649 2740 con-
