1803 3230
704 211 758 246 De
783 210 933 246 dieetasi
955 211 1150 247 homerica.
1604 206 1678 246 191

185 318 384 369 ἀναίτιον
415 325 686 370 αἰτιάασθαι
716 331 763 369 Ν
789 329 884 368 775.
915 351 971 355 -
1002 323 1202 369 ἀναίτιον
1234 323 1418 382 αἰτιόῳο
1451 343 1474 367 v
1514 328 1603 368 135.
1626 351 1680 355 ——

184 387 383 434 ἀναίτιον
415 391 623 449 αἰτιόῳτο
656 397 707 434 Λ
739 395 833 434 654.

296 457 347 500 In
377 458 610 513 posteriore
641 456 930 500 hemistichio:
984 455 986 458 ’

295 522 610 578 μαλακώτερος
642 520 991 578 ἀμφαφάασθαι
1021 525 1070 563 Χ
1099 525 1192 565 373.
1241 547 1293 551 -
1340 522 1493 575 ἐΰξοον
1527 520 1680 579 ἀμφα-

184 586 397 642 φάασθαι
426 592 464 630 θ
495 591 589 630 215.
621 612 675 616 —
707 587 861 639 ἐΰξοον
893 582 1229 642 ἇμφαφόωντες
1259 603 1283 627 τ
1315 591 1408 630 586.

294 655 343 697 In
374 655 533 709 priore:
564 656 717 708 χερσίν
747 651 790 694 τ)
826 650 1139 709 ἀμφαφόωντο
1174 669 1195 694 ο
1228 654 1323 694 462.

295 719 551 773 καγχαλόων
574 723 615 761 et
638 717 828 760 κυδιόων
859 731 1028 772 semper
1058 719 1103 760 in
1133 731 1283 760 versus
1313 719 1452 772 capite
1482 720 1680 773 leguntur

182 790 223 828 et
261 785 431 840 quidem
463 785 542 838 ita,
590 789 635 826 ut
675 782 1011 825 enuntiationem
1052 783 1094 824 in
1135 782 1418 826 antecedente
1457 797 1583 826 versu
1619 784 1678 826 in-

179 855 347 904 ceptam
377 850 591 893 claudant.

293 916 420 959 Initio
452 929 598 958 versus
629 916 850 969 leguntur:

295 978 343 1023 ὃν
364 980 537 1035 πότμον
559 979 738 1036 γοόωσα
770 983 821 1022 Π
839 982 933 1022 857.
964 983 1014 1020 X
1032 982 1126 1022 363.
1160 1003 1213 1007 —
1246 976 1478 1036 ἀμβλήδην
1499 979 1680 1034 γοόωσα

182 1049 336 1088 Χ476.
359 1072 413 1076 -
443 1046 492 1099 ἐξ
512 1045 652 1089 ὕπνου
674 1044 854 1101 γοόωσα
875 1048 913 1087 Ε
935 1048 1031 1088 413.
1063 1070 1117 1074 —
1149 1049 1228 1101 τῇς
1252 1042 1297 1086 δ’
1322 1042 1475 1087 ἁδινὸν
1497 1045 1679 1100 γοόωσα

182 1110 206 1151 ὁ
229 1114 323 1153 721.
356 1136 410 1140 —
440 1117 561 1168 τῆκε,
594 1110 729 1153 πόσιν
751 1109 931 1165 γοόωσα
963 1128 987 1152 τ
1008 1114 1103 1153 264.
1128 1135 1181 1139 —
1215 1114 1347 1166 θυμῷ
1369 1112 1450 1164 μὲν
1472 1111 1677 1165 γοόωσαν

180 1193 204 1217 τ
235 1179 329 1218 210.

293 1241 344 1283 In
375 1254 522 1283 versus
553 1242 712 1296 capite:

293 1305 506 1360 μα’στιξεν
538 1303 582 1347 ὁ)
621 1305 753 1349 ἐλάαν
785 1306 946 1349 novies.
980 1330 1032 1335 —
1065 1304 1175 1346 ἀλλὰ
1206 1306 1352 1360 παρὲξ
1383 1304 1516 1361 ἐλᾴαν
1549 1325 1577 1360 μ
1611 1311 1677 1350 47.

180 1385 239 1401 —‘
274 1377 358 1428 νῆα
390 1372 535 1426 παρὲξ
573 1370 705 1414 ἐλάαν
744 1388 775 1426 μ
811 1374 901 1414 109.
940 1396 994 1400 —
1042 1370 1147 1413 αἵθ)
1182 1368 1242 1422 (ὃς
1278 1369 1472 1429 ἡβώοιμι
1503 1376 1555 1413 Η
1588 1377 1677 1415 157.

179 1444 230 1481 A
261 1443 355 1482 670.
393 1441 437 1480 Ψ
465 1441 559 1481 629.
593 1439 617 1491 ξ
648 1441 742 1481 468.
777 1441 856 1481 503
889 1435 966 1490 (ὡς
999 1439 1103 1488 νῦν).

291 1506 335 1548 Si
374 1518 474 1546 vero
513 1517 661 1546 omnes
699 1505 959 1558 integrarum
991 1505 1418 1559 assimulatarumque
1448 1505 1675 1548 formarum

178 1571 378 1625 exempla
408 1570 518 1612 inter
547 1583 593 1612 se
624 1569 958 1624 comparaveris,
996 1569 1121 1612 etiam
1154 1569 1271 1612 aliud
1302 1570 1517 1624 invenies,
1565 1572 1677 1625 quod

177 1636 293 1679 haud
331 1635 646 1690 neglegendum
687 1649 782 1679 esse
822 1640 935 1690 puto.
995 1636 1247 1690 Reperimus
1287 1637 1365 1679 has
1403 1637 1560 1680 formas
1590 1638 1678 1680 fere

176 1715 345 1756 semper
374 1702 417 1742 in
450 1702 511 1744 eis
541 1701 750 1754 formulis,
791 1714 898 1755 quae
929 1714 1023 1743 cum
1055 1702 1116 1744 eis
1149 1702 1351 1744 orationis
1381 1703 1594 1756 partibus,
1633 1703 1675 1744 in

177 1767 328 1821 quibus
360 1766 463 1820 quid
496 1767 660 1820 egerint
690 1767 841 1809 heroes
873 1771 1087 1819 narretur,
1121 1772 1392 1821 comparatae
1432 1792 1486 1796 —
1516 1773 1560 1810 ut
1591 1782 1674 1809 uno

175 1833 383 1875 vocabulo
415 1831 649 1885 significem
681 1831 781 1885 quid
812 1832 941 1874 velim
962 1855 1019 1860 --
1041 1832 1241 1874 orationis
1271 1833 1390 1886 quasi
1422 1839 1675 1875 ornamenta

176 1911 270 1941 esse
301 1897 538 1940 videantur.
598 1897 705 1939 Inde
735 1910 892 1950 magna
923 1897 997 1938 illa
1028 1897 1344 1951 participiorum
1376 1898 1498 1952 copia
1530 1903 1569 1946 (6
1591 1901 1671 1940 435

176 1963 383 2017 exemplis
414 1967 511 2004 sunt
545 1965 623 2004 198
654 1962 914 2016 participia),
955 1962 1057 2004 inde
1087 1963 1208 2004 multi
1238 1962 1432 2004 infinitivi
1465 1976 1672 2017 epexege-

175 2028 257 2082 tici,
291 2027 602 2070 enuntiationes
632 2027 849 2081 relativae,
881 2027 1194 2070 similitudines.

287 2093 405 2144 Quae
436 2106 529 2134 cum
561 2093 680 2146 quasi
711 2098 962 2135 ornamenta
1003 2099 1145 2136 essent
1175 2093 1452 2147 narrationis,
1501 2095 1672 2149 saepius

174 2159 218 2200 in
256 2158 572 2201 narrationibus
610 2159 740 2200 variis
773 2164 814 2201 et
845 2159 1024 2201 diversis
1063 2158 1258 2202 adhiberi
1298 2164 1496 2214 poterant
1527 2159 1672 2213 itaque

175 2224 308 2267 menti
338 2223 471 2279 probe
500 2222 630 2265 infixa
660 2223 771 2266 bene
803 2225 1096 2267 servabantur.

289 2291 402 2332 Raro
433 2294 573 2331 autem
602 2288 762 2332 formae
792 2290 896 2332 illae
925 2290 969 2331 in
1001 2290 1245 2332 narratione
1279 2290 1579 2344 progrediente
1610 2305 1674 2334 re-

175 2355 394 2409 periuntur
434 2360 560 2409 atque
600 2367 653 2397 ne
691 2354 756 2398 his
796 2354 967 2409 quidem
1012 2355 1116 2398 locis
1160 2355 1242 2398 nisi
1284 2355 1327 2397 in
1368 2355 1560 2399 formulis
1607 2363 1674 2400 sat

174 2420 295 2474 tritis,
328 2423 445 2465 velut

287 2485 553 2540 ἐστιχόωντο
586 2486 715 2528 octies
746 2485 790 2527 in
821 2485 905 2529 fine
935 2500 1094 2529 versus.
1131 2509 1178 2514 —
1218 2485 1263 2527 οἳ
1294 2486 1348 2543 ῥα
1380 2487 1476 2529 τότ)
1512 2488 1673 2543 ἐστρα-

174 2549 340 2593 τόωντο
373 2556 413 2594 Γ
442 2554 532 2595 187.
564 2556 604 2593 A
633 2553 725 2593 378.
763 2576 817 2581 ——
854 2550 933 2607 τὴν
965 2550 1375 2606 ἀμφεστρατόωντο
1408 2559 1459 2595 41
1490 2557 1584 2598 713.
1616 2580 1672 2585 —

176 2616 437 2674 καθήμενοί
464 2616 717 2675 ἠγορόωντο
749 2620 791 2658 Δ
824 2620 857 2658 1.
889 2617 939 2659 cf.
976 2619 1020 2658 Ψ
1046 2619 1141 2659 448.
1176 2634 1199 2671 ρ
1232 2620 1327 2661 530.
1359 2643 1414 2648 ——
1443 2623 1595 2676 χερσίν
1628 2619 1670 2662 τ’
