<?xml version="1.0" encoding="UTF-8"?>
<!DOCTYPE html PUBLIC "-//W3C//DTD XHTML 1.0 Transitional//EN"
    "http://www.w3.org/TR/xhtml1/DTD/xhtml1-transitional.dtd">
<html xmlns="http://www.w3.org/1999/xhtml" xml:lang="en" lang="en">
 <head>
  <title>
</title>
<meta http-equiv="Content-Type" content="text/html;charset=utf-8" />
  <meta name='ocr-system' content='tesseract 3.04.00' />
  <meta name='ocr-capabilities' content='ocr_page ocr_carea ocr_par ocr_line ocrx_word'/>
</head>
<body>
  <div class='ocr_page' id='page_1' title='image "4627545_0045.png"; bbox 0 0 1803 3230; ppageno 0'>
   <div class='ocr_carea' id='block_1_1' title="bbox 698 194 1674 235">
    <p class='ocr_par' dir='ltr' id='par_1_1' title="bbox 698 194 1674 235">
     <span class='ocr_line' id='line_1_1' title="bbox 698 194 1674 235; baseline -0.002 0"><span class='ocrx_word' id='word_1_1' title='bbox 698 200 753 235; x_wconf 92' lang='lat' dir='ltr'>De</span> <span class='ocrx_word' id='word_1_2' title='bbox 777 198 927 234; x_wconf 84' lang='lat' dir='ltr'>diectasi</span> <span class='ocrx_word' id='word_1_3' title='bbox 950 198 1139 234; x_wconf 82' lang='lat' dir='ltr'>homerica.</span> <span class='ocrx_word' id='word_1_4' title='bbox 1593 194 1674 233; x_wconf 86' lang='lat'>177</span> 
     </span>
    </p>
   </div>
   <div class='ocr_carea' id='block_1_2' title="bbox 168 306 1676 2595">
    <p class='ocr_par' dir='ltr' id='par_1_2' title="bbox 170 306 1671 569">
     <span class='ocr_line' id='line_1_2' title="bbox 170 306 1671 372; baseline -0.002 -12"><span class='ocrx_word' id='word_1_5' title='bbox 170 306 299 367; x_wconf 81' lang='lat' dir='ltr'>(Curt.</span> <span class='ocrx_word' id='word_1_6' title='bbox 346 317 398 360; x_wconf 88' lang='lat' dir='ltr'>N.</span> <span class='ocrx_word' id='word_1_7' title='bbox 439 317 545 359; x_wconf 88' lang='lat' dir='ltr'>Mus.</span> <span class='ocrx_word' id='word_1_8' title='bbox 586 316 665 358; x_wconf 90' lang='lat' dir='ltr'>Rh.</span> <span class='ocrx_word' id='word_1_9' title='bbox 706 315 779 367; x_wconf 90' lang='lat' dir='ltr'>IV,</span> <span class='ocrx_word' id='word_1_10' title='bbox 814 316 895 356; x_wconf 80' lang='lat'>242</span> <span class='ocrx_word' id='word_1_11' title='bbox 926 316 1052 368; x_wconf 89' lang='lat' dir='ltr'>sqq.),</span> <span class='ocrx_word' id='word_1_12' title='bbox 1107 313 1229 371; x_wconf 72' lang='grc' dir='ltr'>θήῃς</span> <span class='ocrx_word' id='word_1_13' title='bbox 1273 314 1365 357; x_wconf 87' lang='lat' dir='ltr'>sim.</span> <span class='ocrx_word' id='word_1_14' title='bbox 1412 327 1488 370; x_wconf 87' lang='lat' dir='ltr'>pro</span> <span class='ocrx_word' id='word_1_15' title='bbox 1534 318 1671 372; x_wconf 60' lang='grc' dir='ltr'><em>θείῃ-ς</em></span> 
     </span>
     <span class='ocr_line' id='line_1_3' title="bbox 170 379 1670 438; baseline -0.003 -10"><span class='ocrx_word' id='word_1_16' title='bbox 170 384 308 436; x_wconf 84' lang='lat' dir='ltr'>(Stier.</span> <span class='ocrx_word' id='word_1_17' title='bbox 340 382 521 438; x_wconf 77' lang='lat' dir='ltr'>„Stud.“</span> <span class='ocrx_word' id='word_1_18' title='bbox 543 382 598 436; x_wconf 89' lang='lat' dir='ltr'>II,</span> <span class='ocrx_word' id='word_1_19' title='bbox 626 382 700 422; x_wconf 82' lang='lat'>127</span> <span class='ocrx_word' id='word_1_20' title='bbox 725 384 847 435; x_wconf 89' lang='lat' dir='ltr'>sqq.),</span> <span class='ocrx_word' id='word_1_21' title='bbox 881 385 1042 437; x_wconf 79' lang='grc' dir='ltr'><em>σπῆος,</em></span> <span class='ocrx_word' id='word_1_22' title='bbox 1073 379 1253 436; x_wconf 79' lang='grc' dir='ltr'><em>φρήατα</em></span> <span class='ocrx_word' id='word_1_23' title='bbox 1274 381 1365 424; x_wconf 91' lang='lat' dir='ltr'>sim.</span> <span class='ocrx_word' id='word_1_24' title='bbox 1397 396 1473 436; x_wconf 89' lang='lat' dir='ltr'>pro</span> <span class='ocrx_word' id='word_1_25' title='bbox 1496 389 1670 432; x_wconf 78' lang='grc' dir='ltr'><em>σπεῖος,</em></span> 
     </span>
     <span class='ocr_line' id='line_1_4' title="bbox 171 445 1670 507; baseline -0.003 -14"><span class='ocrx_word' id='word_1_26' title='bbox 171 453 363 507; x_wconf 78' lang='grc' dir='ltr'><em>φρείατα</em></span> <span class='ocrx_word' id='word_1_27' title='bbox 412 449 599 502; x_wconf 82' lang='lat' dir='ltr'>(Brugm.</span> <span class='ocrx_word' id='word_1_28' title='bbox 631 446 659 488; x_wconf 88' lang='lat' dir='ltr'>l.</span> <span class='ocrx_word' id='word_1_29' title='bbox 692 459 725 489; x_wconf 89' lang='lat' dir='ltr'>c.</span> <span class='ocrx_word' id='word_1_30' title='bbox 762 448 839 488; x_wconf 86' lang='lat'>137</span> <span class='ocrx_word' id='word_1_31' title='bbox 871 450 1002 501; x_wconf 88' lang='lat' dir='ltr'>sqq.),</span> <span class='ocrx_word' id='word_1_32' title='bbox 1056 445 1214 504; x_wconf 78' lang='grc' dir='ltr'><em>ὁήελος</em></span> <span class='ocrx_word' id='word_1_33' title='bbox 1259 461 1334 502; x_wconf 91' lang='lat' dir='ltr'>pro</span> <span class='ocrx_word' id='word_1_34' title='bbox 1376 446 1549 497; x_wconf 78' lang='grc' dir='ltr'><em>δείελος</em></span> <span class='ocrx_word' id='word_1_35' title='bbox 1597 446 1670 494; x_wconf 89' lang='lat' dir='ltr'>(id.</span> 
     </span>
     <span class='ocr_line' id='line_1_5' title="bbox 171 515 573 569; baseline -0.015 -10"><span class='ocrx_word' id='word_1_36' title='bbox 171 515 351 569; x_wconf 81' lang='lat' dir='ltr'>,‚Stud.“</span> <span class='ocrx_word' id='word_1_37' title='bbox 381 515 430 563; x_wconf 82' lang='lat' dir='ltr'>V,</span> <span class='ocrx_word' id='word_1_38' title='bbox 464 515 573 562; x_wconf 82' lang='lat'>226).</span> 
     </span>
    </p>

    <p class='ocr_par' dir='ltr' id='par_1_3' title="bbox 168 573 1675 2319">
     <span class='ocr_line' id='line_1_6' title="bbox 282 573 1671 633; baseline -0.003 -11"><span class='ocrx_word' id='word_1_39' title='bbox 282 581 448 622; x_wconf 83' lang='lat' dir='ltr'>Tamen</span> <span class='ocrx_word' id='word_1_40' title='bbox 495 577 652 620; x_wconf 85' lang='lat' dir='ltr'>formas</span> <span class='ocrx_word' id='word_1_41' title='bbox 693 573 894 633; x_wconf 82' lang='grc' dir='ltr'><em>ὃρόωντα</em></span> <span class='ocrx_word' id='word_1_42' title='bbox 934 576 1026 618; x_wconf 88' lang='lat' dir='ltr'>sim.</span> <span class='ocrx_word' id='word_1_43' title='bbox 1065 576 1289 631; x_wconf 81' lang='lat' dir='ltr'>alphabeti</span> <span class='ocrx_word' id='word_1_44' title='bbox 1333 576 1671 632; x_wconf 88' lang='lat' dir='ltr'>transscriptioni</span> 
     </span>
     <span class='ocr_line' id='line_1_7' title="bbox 171 641 1669 698; baseline -0.003 -8"><span class='ocrx_word' id='word_1_45' title='bbox 171 647 317 690; x_wconf 88' lang='lat' dir='ltr'>deberi</span> <span class='ocrx_word' id='word_1_46' title='bbox 346 644 552 698; x_wconf 81' lang='lat' dir='ltr'>negarim.</span> <span class='ocrx_word' id='word_1_47' title='bbox 614 642 724 685; x_wconf 85' lang='lat' dir='ltr'>Nam</span> <span class='ocrx_word' id='word_1_48' title='bbox 760 656 853 685; x_wconf 90' lang='lat' dir='ltr'>cum</span> <span class='ocrx_word' id='word_1_49' title='bbox 885 641 1001 685; x_wconf 89' lang='lat' dir='ltr'>haud</span> <span class='ocrx_word' id='word_1_50' title='bbox 1031 642 1349 697; x_wconf 84' lang='lat' dir='ltr'>neglegendum</span> <span class='ocrx_word' id='word_1_51' title='bbox 1380 648 1462 697; x_wconf 86' lang='lat' dir='ltr'>est,</span> <span class='ocrx_word' id='word_1_52' title='bbox 1503 648 1669 686; x_wconf 85' lang='lat' dir='ltr'>veteres</span> 
     </span>
     <span class='ocr_line' id='line_1_8' title="bbox 169 708 1667 765; baseline -0.003 -10"><span class='ocrx_word' id='word_1_53' title='bbox 169 713 349 763; x_wconf 89' lang='lat' dir='ltr'>criticos,</span> <span class='ocrx_word' id='word_1_54' title='bbox 382 709 453 763; x_wconf 92' lang='lat' dir='ltr'>qui</span> <span class='ocrx_word' id='word_1_55' title='bbox 474 721 510 751; x_wconf 92' lang='lat' dir='ltr'>e.</span> <span class='ocrx_word' id='word_1_56' title='bbox 533 721 572 762; x_wconf 88' lang='lat' dir='ltr'>g.</span> <span class='ocrx_word' id='word_1_57' title='bbox 602 708 646 750; x_wconf 90' lang='lat' dir='ltr'>in</span> <span class='ocrx_word' id='word_1_58' title='bbox 678 709 963 764; x_wconf 84' lang='lat' dir='ltr'>conjunctivis</span> <span class='ocrx_word' id='word_1_59' title='bbox 994 708 1120 750; x_wconf 90' lang='lat' dir='ltr'>modo</span> <span class='ocrx_word' id='word_1_60' title='bbox 1154 724 1195 751; x_wconf 86' lang='grc' dir='ltr'>ει</span> <span class='ocrx_word' id='word_1_61' title='bbox 1224 708 1352 750; x_wconf 89' lang='lat' dir='ltr'>modo</span> <span class='ocrx_word' id='word_1_62' title='bbox 1374 725 1398 765; x_wconf 83' lang='grc' dir='ltr'>η</span> <span class='ocrx_word' id='word_1_63' title='bbox 1422 709 1667 758; x_wconf 85' lang='lat' dir='ltr'>scriberent,</span> 
     </span>
     <span class='ocr_line' id='line_1_9' title="bbox 168 773 1670 828; baseline -0.003 -9"><span class='ocrx_word' id='word_1_64' title='bbox 168 779 212 819; x_wconf 91' lang='lat' dir='ltr'>in</span> <span class='ocrx_word' id='word_1_65' title='bbox 233 776 378 818; x_wconf 85' lang='lat' dir='ltr'>formis</span> <span class='ocrx_word' id='word_1_66' title='bbox 398 773 720 817; x_wconf 79' lang='lat' dir='ltr'>assimulatione</span> <span class='ocrx_word' id='word_1_67' title='bbox 751 774 914 816; x_wconf 85' lang='lat' dir='ltr'>affectis</span> <span class='ocrx_word' id='word_1_68' title='bbox 936 788 1101 817; x_wconf 92' lang='lat' dir='ltr'>summa</span> <span class='ocrx_word' id='word_1_69' title='bbox 1122 774 1364 817; x_wconf 89' lang='lat' dir='ltr'>constantia</span> <span class='ocrx_word' id='word_1_70' title='bbox 1384 790 1446 815; x_wconf 89' lang='grc' dir='ltr'>οω</span> <span class='ocrx_word' id='word_1_71' title='bbox 1478 773 1567 827; x_wconf 92' lang='lat' dir='ltr'>(aut</span> <span class='ocrx_word' id='word_1_72' title='bbox 1588 773 1670 828; x_wconf 79' lang='lat' dir='ltr'>wo)</span> 
     </span>
     <span class='ocr_line' id='line_1_10' title="bbox 168 837 1672 896; baseline -0.003 -11"><span class='ocrx_word' id='word_1_73' title='bbox 168 841 388 896; x_wconf 81' lang='lat' dir='ltr'>scripsisse</span> <span class='ocrx_word' id='word_1_74' title='bbox 426 852 565 894; x_wconf 87' lang='lat' dir='ltr'>neque</span> <span class='ocrx_word' id='word_1_75' title='bbox 603 839 738 881; x_wconf 92' lang='lat' dir='ltr'>ullum</span> <span class='ocrx_word' id='word_1_76' title='bbox 778 838 831 881; x_wconf 90' lang='lat' dir='ltr'>dc</span> <span class='ocrx_word' id='word_1_77' title='bbox 868 839 972 881; x_wconf 85' lang='lat' dir='ltr'>vitio</span> <span class='ocrx_word' id='word_1_78' title='bbox 1009 839 1097 882; x_wconf 83' lang='grc' dir='ltr'>τῶν</span> <span class='ocrx_word' id='word_1_79' title='bbox 1135 837 1672 895; x_wconf 82' lang='grc' dir='ltr'><em>μεταχαρακτηρισάντων</em></span> 
     </span>
     <span class='ocr_line' id='line_1_11' title="bbox 168 903 1672 960; baseline -0.003 -11"><span class='ocrx_word' id='word_1_80' title='bbox 168 907 399 960; x_wconf 79' lang='lat' dir='ltr'>cogitasse,</span> <span class='ocrx_word' id='word_1_81' title='bbox 450 917 555 958; x_wconf 87' lang='lat' dir='ltr'>quos</span> <span class='ocrx_word' id='word_1_82' title='bbox 593 904 690 946; x_wconf 89' lang='lat' dir='ltr'>aliis</span> <span class='ocrx_word' id='word_1_83' title='bbox 729 904 834 946; x_wconf 92' lang='lat' dir='ltr'>locis</span> <span class='ocrx_word' id='word_1_84' title='bbox 874 917 1060 946; x_wconf 91' lang='lat' dir='ltr'>errorum</span> <span class='ocrx_word' id='word_1_85' title='bbox 1100 909 1327 959; x_wconf 82' lang='lat' dir='ltr'>arguerent</span> <span class='ocrx_word' id='word_1_86' title='bbox 1371 907 1424 954; x_wconf 85' lang='lat' dir='ltr'>(e.</span> <span class='ocrx_word' id='word_1_87' title='bbox 1456 917 1496 958; x_wconf 90' lang='lat' dir='ltr'>g.</span> <span class='ocrx_word' id='word_1_88' title='bbox 1530 903 1672 946; x_wconf 83' lang='lat' dir='ltr'>Schol.</span> 
     </span>
     <span class='ocr_line' id='line_1_12' title="bbox 168 969 1672 1025; baseline -0.002 -11"><span class='ocrx_word' id='word_1_89' title='bbox 168 973 210 1018; x_wconf 83' lang='grc' dir='ltr'>’Ξ</span> <span class='ocrx_word' id='word_1_90' title='bbox 227 974 347 1025; x_wconf 73' lang='grc'>241),</span> <span class='ocrx_word' id='word_1_91' title='bbox 379 976 467 1014; x_wconf 92' lang='lat' dir='ltr'>tum</span> <span class='ocrx_word' id='word_1_92' title='bbox 497 971 608 1013; x_wconf 90' lang='lat' dir='ltr'>bene</span> <span class='ocrx_word' id='word_1_93' title='bbox 637 970 741 1012; x_wconf 90' lang='lat' dir='ltr'>mihi</span> <span class='ocrx_word' id='word_1_94' title='bbox 763 970 980 1013; x_wconf 89' lang='lat' dir='ltr'>Hartelius</span> <span class='ocrx_word' id='word_1_95' title='bbox 1011 971 1210 1024; x_wconf 80' lang='lat' dir='ltr'>„Homer-</span> <span class='ocrx_word' id='word_1_96' title='bbox 1236 969 1447 1013; x_wconf 81' lang='lat' dir='ltr'>Studien“</span> <span class='ocrx_word' id='word_1_97' title='bbox 1468 984 1509 1024; x_wconf 90' lang='lat' dir='ltr'>p.</span> <span class='ocrx_word' id='word_1_98' title='bbox 1534 972 1587 1012; x_wconf 82' lang='grc'>48</span> <span class='ocrx_word' id='word_1_99' title='bbox 1610 984 1672 1023; x_wconf 86' lang='lat' dir='ltr'>sq.</span> 
     </span>
     <span class='ocr_line' id='line_1_13' title="bbox 169 1035 1672 1091; baseline -0.003 -11"><span class='ocrx_word' id='word_1_100' title='bbox 169 1037 384 1080; x_wconf 85' lang='lat' dir='ltr'>monuisse</span> <span class='ocrx_word' id='word_1_101' title='bbox 414 1035 594 1086; x_wconf 88' lang='lat' dir='ltr'>videtur,</span> <span class='ocrx_word' id='word_1_102' title='bbox 635 1047 690 1077; x_wconf 88' lang='lat' dir='ltr'>ne</span> <span class='ocrx_word' id='word_1_103' title='bbox 719 1035 896 1077; x_wconf 90' lang='lat' dir='ltr'>nimium</span> <span class='ocrx_word' id='word_1_104' title='bbox 927 1036 1277 1091; x_wconf 85' lang='lat' dir='ltr'>transscriptione</span> <span class='ocrx_word' id='word_1_105' title='bbox 1308 1048 1512 1078; x_wconf 83' lang='lat' dir='ltr'>excusare</span> <span class='ocrx_word' id='word_1_106' title='bbox 1543 1040 1672 1089; x_wconf 88' lang='lat' dir='ltr'>atque</span> 
     </span>
     <span class='ocr_line' id='line_1_14' title="bbox 169 1100 1670 1158; baseline -0.002 -13"><span class='ocrx_word' id='word_1_107' title='bbox 169 1102 384 1158; x_wconf 81' lang='lat' dir='ltr'>explicare</span> <span class='ocrx_word' id='word_1_108' title='bbox 434 1100 721 1144; x_wconf 83' lang='lat' dir='ltr'>studeremus:</span> <span class='ocrx_word' id='word_1_109' title='bbox 771 1101 897 1144; x_wconf 81' lang='lat' dir='ltr'>facile</span> <span class='ocrx_word' id='word_1_110' title='bbox 947 1102 1057 1144; x_wconf 90' lang='lat' dir='ltr'>enim</span> <span class='ocrx_word' id='word_1_111' title='bbox 1102 1101 1193 1144; x_wconf 89' lang='lat' dir='ltr'>fieri</span> <span class='ocrx_word' id='word_1_112' title='bbox 1242 1101 1398 1156; x_wconf 89' lang='lat' dir='ltr'>potuit,</span> <span class='ocrx_word' id='word_1_113' title='bbox 1450 1105 1497 1142; x_wconf 93' lang='lat' dir='ltr'>ut</span> <span class='ocrx_word' id='word_1_114' title='bbox 1541 1101 1670 1143; x_wconf 88' lang='lat' dir='ltr'>etiam</span> 
     </span>
     <span class='ocr_line' id='line_1_15' title="bbox 170 1161 1672 1221; baseline -0.002 -11"><span class='ocrx_word' id='word_1_115' title='bbox 170 1167 350 1220; x_wconf 82' lang='lat' dir='ltr'>Euclide</span> <span class='ocrx_word' id='word_1_116' title='bbox 380 1166 583 1208; x_wconf 78' lang='lat' dir='ltr'>archonte</span> <span class='ocrx_word' id='word_1_117' title='bbox 613 1166 746 1221; x_wconf 87' lang='lat' dir='ltr'>probe</span> <span class='ocrx_word' id='word_1_118' title='bbox 777 1161 963 1221; x_wconf 70' lang='lat' dir='ltr'>sciretur,</span> <span class='ocrx_word' id='word_1_119' title='bbox 999 1180 1080 1221; x_wconf 91' lang='lat' dir='ltr'>quo</span> <span class='ocrx_word' id='word_1_120' title='bbox 1111 1168 1204 1210; x_wconf 86' lang='lat' dir='ltr'>loeo</span> <span class='ocrx_word' id='word_1_121' title='bbox 1237 1183 1274 1218; x_wconf 90' lang='grc' dir='ltr'>ο,</span> <span class='ocrx_word' id='word_1_122' title='bbox 1306 1181 1388 1221; x_wconf 88' lang='lat' dir='ltr'>quo</span> <span class='ocrx_word' id='word_1_123' title='bbox 1420 1183 1454 1207; x_wconf 87' lang='grc' dir='ltr'>ω</span> <span class='ocrx_word' id='word_1_124' title='bbox 1486 1179 1672 1220; x_wconf 89' lang='lat' dir='ltr'>pronun-</span> 
     </span>
     <span class='ocr_line' id='line_1_16' title="bbox 168 1230 1672 1286; baseline -0.001 -11"><span class='ocrx_word' id='word_1_125' title='bbox 168 1232 319 1275; x_wconf 86' lang='lat' dir='ltr'>tianda</span> <span class='ocrx_word' id='word_1_126' title='bbox 349 1235 476 1275; x_wconf 87' lang='lat' dir='ltr'>esset.</span> <span class='ocrx_word' id='word_1_127' title='bbox 536 1231 645 1273; x_wconf 87' lang='lat' dir='ltr'>Nam</span> <span class='ocrx_word' id='word_1_128' title='bbox 678 1231 803 1273; x_wconf 84' lang='lat' dir='ltr'>etiam</span> <span class='ocrx_word' id='word_1_129' title='bbox 835 1235 923 1273; x_wconf 86' lang='lat' dir='ltr'>tum</span> <span class='ocrx_word' id='word_1_130' title='bbox 955 1233 1109 1275; x_wconf 89' lang='lat' dir='ltr'>multos</span> <span class='ocrx_word' id='word_1_131' title='bbox 1139 1233 1273 1276; x_wconf 87' lang='lat' dir='ltr'>fuisse</span> <span class='ocrx_word' id='word_1_132' title='bbox 1302 1230 1563 1286; x_wconf 87' lang='lat' dir='ltr'>rhapsodos,</span> <span class='ocrx_word' id='word_1_133' title='bbox 1600 1232 1672 1285; x_wconf 89' lang='lat' dir='ltr'>qui</span> 
     </span>
     <span class='ocr_line' id='line_1_17' title="bbox 169 1295 1672 1351; baseline -0.002 -10"><span class='ocrx_word' id='word_1_134' title='bbox 169 1312 256 1341; x_wconf 93' lang='lat' dir='ltr'>non</span> <span class='ocrx_word' id='word_1_135' title='bbox 294 1295 500 1351; x_wconf 83' lang='lat' dir='ltr'>legendO,</span> <span class='ocrx_word' id='word_1_136' title='bbox 547 1295 624 1338; x_wconf 85' lang='lat' dir='ltr'>sed</span> <span class='ocrx_word' id='word_1_137' title='bbox 662 1295 849 1350; x_wconf 88' lang='lat' dir='ltr'>majores</span> <span class='ocrx_word' id='word_1_138' title='bbox 887 1296 1101 1339; x_wconf 86' lang='lat' dir='ltr'>audiendo</span> <span class='ocrx_word' id='word_1_139' title='bbox 1132 1297 1307 1341; x_wconf 85' lang='lat' dir='ltr'>Homeri</span> <span class='ocrx_word' id='word_1_140' title='bbox 1337 1297 1528 1339; x_wconf 86' lang='lat' dir='ltr'>carmina</span> <span class='ocrx_word' id='word_1_141' title='bbox 1566 1296 1672 1339; x_wconf 82' lang='lat' dir='ltr'>didi-</span> 
     </span>
     <span class='ocr_line' id='line_1_18' title="bbox 169 1357 1671 1416; baseline -0.002 -10"><span class='ocrx_word' id='word_1_142' title='bbox 169 1364 345 1416; x_wconf 82' lang='lat' dir='ltr'>cissent,</span> <span class='ocrx_word' id='word_1_143' title='bbox 397 1362 500 1405; x_wconf 87' lang='lat' dir='ltr'>satis</span> <span class='ocrx_word' id='word_1_144' title='bbox 539 1365 720 1404; x_wconf 90' lang='lat' dir='ltr'>constat.</span> <span class='ocrx_word' id='word_1_145' title='bbox 788 1357 906 1412; x_wconf 83' lang='lat' dir='ltr'>Quae</span> <span class='ocrx_word' id='word_1_146' title='bbox 947 1362 1113 1405; x_wconf 86' lang='lat' dir='ltr'>etiamsi</span> <span class='ocrx_word' id='word_1_147' title='bbox 1151 1377 1229 1405; x_wconf 88' lang='lat' dir='ltr'>nos</span> <span class='ocrx_word' id='word_1_148' title='bbox 1275 1376 1361 1405; x_wconf 89' lang='lat' dir='ltr'>non</span> <span class='ocrx_word' id='word_1_149' title='bbox 1400 1361 1671 1416; x_wconf 87' lang='lat' dir='ltr'>impedirent,</span> 
     </span>
     <span class='ocr_line' id='line_1_19' title="bbox 170 1426 1675 1483; baseline -0.001 -12"><span class='ocrx_word' id='word_1_150' title='bbox 170 1429 394 1483; x_wconf 89' lang='lat' dir='ltr'>quominus</span> <span class='ocrx_word' id='word_1_151' title='bbox 425 1427 654 1470; x_wconf 82' lang='lat' dir='ltr'>lectionem</span> <span class='ocrx_word' id='word_1_152' title='bbox 683 1426 883 1469; x_wconf 88' lang='lat' dir='ltr'>traditam</span> <span class='ocrx_word' id='word_1_153' title='bbox 914 1432 1193 1481; x_wconf 87' lang='lat' dir='ltr'>mutaremus,</span> <span class='ocrx_word' id='word_1_154' title='bbox 1241 1441 1327 1470; x_wconf 92' lang='lat' dir='ltr'>una</span> <span class='ocrx_word' id='word_1_155' title='bbox 1356 1432 1500 1470; x_wconf 90' lang='lat' dir='ltr'>tamen</span> <span class='ocrx_word' id='word_1_156' title='bbox 1532 1432 1675 1470; x_wconf 76' lang='lat' dir='ltr'>exstat</span> 
     </span>
     <span class='ocr_line' id='line_1_20' title="bbox 168 1492 1673 1548; baseline -0.001 -12"><span class='ocrx_word' id='word_1_157' title='bbox 168 1494 324 1547; x_wconf 87' lang='lat' dir='ltr'>forma,</span> <span class='ocrx_word' id='word_1_158' title='bbox 356 1494 401 1536; x_wconf 91' lang='lat' dir='ltr'>in</span> <span class='ocrx_word' id='word_1_159' title='bbox 432 1506 516 1547; x_wconf 91' lang='lat' dir='ltr'>qua</span> <span class='ocrx_word' id='word_1_160' title='bbox 546 1493 781 1535; x_wconf 88' lang='lat' dir='ltr'>mutatione</span> <span class='ocrx_word' id='word_1_161' title='bbox 811 1493 888 1535; x_wconf 89' lang='lat' dir='ltr'>illa</span> <span class='ocrx_word' id='word_1_162' title='bbox 918 1492 1025 1535; x_wconf 90' lang='lat' dir='ltr'>nihil</span> <span class='ocrx_word' id='word_1_163' title='bbox 1055 1493 1307 1548; x_wconf 86' lang='lat' dir='ltr'>proficimus.</span> <span class='ocrx_word' id='word_1_164' title='bbox 1369 1493 1673 1547; x_wconf 85' lang='lat' dir='ltr'>Imperativum</span> 
     </span>
     <span class='ocr_line' id='line_1_21' title="bbox 170 1555 1675 1613; baseline -0.001 -12"><span class='ocrx_word' id='word_1_165' title='bbox 170 1559 300 1603; x_wconf 89' lang='lat' dir='ltr'>medii</span> <span class='ocrx_word' id='word_1_166' title='bbox 332 1558 425 1601; x_wconf 90' lang='lat' dir='ltr'>dico</span> <span class='ocrx_word' id='word_1_167' title='bbox 457 1555 590 1610; x_wconf 78' lang='grc' dir='ltr'><em>ἀλόω,</em></span> <span class='ocrx_word' id='word_1_168' title='bbox 623 1558 695 1612; x_wconf 92' lang='lat' dir='ltr'>qui</span> <span class='ocrx_word' id='word_1_169' title='bbox 726 1574 745 1601; x_wconf 82' lang='grc' dir='ltr'><em>ε</em></span> <span class='ocrx_word' id='word_1_170' title='bbox 780 1560 861 1601; x_wconf 88' lang='grc'>377</span> <span class='ocrx_word' id='word_1_171' title='bbox 892 1558 1059 1613; x_wconf 86' lang='lat' dir='ltr'>legitur.</span> <span class='ocrx_word' id='word_1_172' title='bbox 1119 1559 1243 1602; x_wconf 92' lang='lat' dir='ltr'>Hunc</span> <span class='ocrx_word' id='word_1_173' title='bbox 1273 1560 1360 1602; x_wconf 93' lang='lat' dir='ltr'>Leo</span> <span class='ocrx_word' id='word_1_174' title='bbox 1392 1559 1590 1613; x_wconf 83' lang='lat' dir='ltr'>Meyerus</span> <span class='ocrx_word' id='word_1_175' title='bbox 1621 1571 1675 1601; x_wconf 77' lang='lat' dir='ltr'>ex</span> 
     </span>
     <span class='ocr_line' id='line_1_22' title="bbox 171 1623 1673 1680; baseline -0.001 -14"><span class='ocrx_word' id='word_1_176' title='bbox 171 1623 369 1675; x_wconf 82' lang='grc' dir='ltr'><em>ἇλάε(σ)ο</em></span> <span class='ocrx_word' id='word_1_177' title='bbox 409 1624 469 1666; x_wconf 90' lang='lat' dir='ltr'>ita</span> <span class='ocrx_word' id='word_1_178' title='bbox 507 1623 664 1666; x_wconf 84' lang='lat' dir='ltr'>factum</span> <span class='ocrx_word' id='word_1_179' title='bbox 704 1636 798 1666; x_wconf 90' lang='lat' dir='ltr'>esse</span> <span class='ocrx_word' id='word_1_180' title='bbox 837 1624 1004 1678; x_wconf 83' lang='lat' dir='ltr'>putavit</span> <span class='ocrx_word' id='word_1_181' title='bbox 1041 1625 1068 1666; x_wconf 91' lang='lat' dir='ltr'>l.</span> <span class='ocrx_word' id='word_1_182' title='bbox 1107 1637 1141 1667; x_wconf 90' lang='lat' dir='ltr'>c.</span> <span class='ocrx_word' id='word_1_183' title='bbox 1181 1639 1222 1680; x_wconf 91' lang='lat' dir='ltr'>p.</span> <span class='ocrx_word' id='word_1_184' title='bbox 1256 1628 1329 1677; x_wconf 83' lang='lat'>57,</span> <span class='ocrx_word' id='word_1_185' title='bbox 1381 1628 1427 1666; x_wconf 93' lang='lat' dir='ltr'>ut</span> <span class='ocrx_word' id='word_1_186' title='bbox 1465 1640 1512 1666; x_wconf 90' lang='grc' dir='ltr'>εο</span> <span class='ocrx_word' id='word_1_187' title='bbox 1553 1623 1598 1666; x_wconf 92' lang='lat' dir='ltr'>in</span> <span class='ocrx_word' id='word_1_188' title='bbox 1639 1640 1673 1665; x_wconf 87' lang='grc' dir='ltr'>ω</span> 
     </span>
     <span class='ocr_line' id='line_1_23' title="bbox 170 1689 1675 1744; baseline -0.001 -11"><span class='ocrx_word' id='word_1_189' title='bbox 170 1691 480 1744; x_wconf 78' lang='lat' dir='ltr'>coalescerent,</span> <span class='ocrx_word' id='word_1_190' title='bbox 530 1694 619 1731; x_wconf 92' lang='lat' dir='ltr'>tum</span> <span class='ocrx_word' id='word_1_191' title='bbox 659 1704 686 1730; x_wconf 90' lang='grc' dir='ltr'><em>α</em></span> <span class='ocrx_word' id='word_1_192' title='bbox 717 1689 911 1743; x_wconf 88' lang='lat' dir='ltr'>sequenti</span> <span class='ocrx_word' id='word_1_193' title='bbox 949 1705 983 1731; x_wconf 87' lang='grc' dir='ltr'>ω</span> <span class='ocrx_word' id='word_1_194' title='bbox 1022 1691 1355 1733; x_wconf 87' lang='lat' dir='ltr'>assimularetur.</span> <span class='ocrx_word' id='word_1_195' title='bbox 1426 1689 1563 1741; x_wconf 80' lang='lat' dir='ltr'>Quam</span> <span class='ocrx_word' id='word_1_196' title='bbox 1604 1702 1675 1732; x_wconf 81' lang='lat' dir='ltr'>ex-</span> 
     </span>
     <span class='ocr_line' id='line_1_24' title="bbox 170 1753 1673 1811; baseline -0.001 -14"><span class='ocrx_word' id='word_1_197' title='bbox 170 1755 444 1811; x_wconf 90' lang='lat' dir='ltr'>plicationem</span> <span class='ocrx_word' id='word_1_198' title='bbox 474 1754 624 1798; x_wconf 88' lang='lat' dir='ltr'>merito</span> <span class='ocrx_word' id='word_1_199' title='bbox 654 1754 901 1809; x_wconf 88' lang='lat' dir='ltr'>reprobavit</span> <span class='ocrx_word' id='word_1_200' title='bbox 930 1754 1186 1798; x_wconf 88' lang='lat' dir='ltr'>Dietrichius</span> <span class='ocrx_word' id='word_1_201' title='bbox 1217 1756 1272 1798; x_wconf 90' lang='lat' dir='ltr'>ib.</span> <span class='ocrx_word' id='word_1_202' title='bbox 1296 1757 1391 1797; x_wconf 83' lang='lat'><strong>436.</strong></span> <span class='ocrx_word' id='word_1_203' title='bbox 1442 1753 1528 1797; x_wconf 84' lang='lat' dir='ltr'>Sed</span> <span class='ocrx_word' id='word_1_204' title='bbox 1560 1753 1673 1808; x_wconf 91' lang='lat' dir='ltr'>quod</span> 
     </span>
     <span class='ocr_line' id='line_1_25' title="bbox 170 1818 1672 1875; baseline -0.001 -12"><span class='ocrx_word' id='word_1_205' title='bbox 170 1823 263 1875; x_wconf 86' lang='lat' dir='ltr'>ipse</span> <span class='ocrx_word' id='word_1_206' title='bbox 291 1820 439 1874; x_wconf 84' lang='lat' dir='ltr'>voluit,</span> <span class='ocrx_word' id='word_1_207' title='bbox 472 1818 591 1863; x_wconf 78' lang='grc' dir='ltr'><em>ἀλόω</em></span> <span class='ocrx_word' id='word_1_208' title='bbox 624 1820 775 1863; x_wconf 87' lang='lat' dir='ltr'>eadem</span> <span class='ocrx_word' id='word_1_209' title='bbox 806 1820 1128 1863; x_wconf 85' lang='lat' dir='ltr'>assimulatione</span> <span class='ocrx_word' id='word_1_210' title='bbox 1160 1821 1378 1875; x_wconf 85' lang='lat' dir='ltr'>reciproca</span> <span class='ocrx_word' id='word_1_211' title='bbox 1407 1824 1545 1862; x_wconf 90' lang='lat' dir='ltr'>ortum</span> <span class='ocrx_word' id='word_1_212' title='bbox 1577 1832 1672 1862; x_wconf 82' lang='lat' dir='ltr'>esse</span> 
     </span>
     <span class='ocr_line' id='line_1_26' title="bbox 172 1882 1671 1940; baseline -0.001 -13"><span class='ocrx_word' id='word_1_213' title='bbox 172 1899 225 1928; x_wconf 81' lang='lat' dir='ltr'>ex</span> <span class='ocrx_word' id='word_1_214' title='bbox 264 1884 425 1936; x_wconf 80' lang='grc' dir='ltr'><em>ἀλάου,</em></span> <span class='ocrx_word' id='word_1_215' title='bbox 478 1898 561 1939; x_wconf 92' lang='lat' dir='ltr'>qua</span> <span class='ocrx_word' id='word_1_216' title='bbox 600 1882 778 1939; x_wconf 80' lang='grc' dir='ltr'><em>ὁρόωσα</em></span> <span class='ocrx_word' id='word_1_217' title='bbox 818 1897 871 1926; x_wconf 81' lang='lat' dir='ltr'>ex</span> <span class='ocrx_word' id='word_1_218' title='bbox 919 1882 1140 1940; x_wconf 80' lang='grc' dir='ltr'><em>ὃράουοα,</em></span> <span class='ocrx_word' id='word_1_219' title='bbox 1190 1899 1278 1927; x_wconf 90' lang='lat' dir='ltr'>non</span> <span class='ocrx_word' id='word_1_220' title='bbox 1318 1885 1454 1939; x_wconf 89' lang='lat' dir='ltr'>magis</span> <span class='ocrx_word' id='word_1_221' title='bbox 1499 1884 1671 1938; x_wconf 86' lang='lat' dir='ltr'>probari</span> 
     </span>
     <span class='ocr_line' id='line_1_27' title="bbox 171 1949 1673 2005; baseline -0.001 -12"><span class='ocrx_word' id='word_1_222' title='bbox 171 1955 329 2005; x_wconf 88' lang='lat' dir='ltr'>potest,</span> <span class='ocrx_word' id='word_1_223' title='bbox 371 1950 470 2004; x_wconf 90' lang='lat' dir='ltr'>quia</span> <span class='ocrx_word' id='word_1_224' title='bbox 510 1966 557 1993; x_wconf 92' lang='grc' dir='ltr'>εο</span> <span class='ocrx_word' id='word_1_225' title='bbox 597 1963 813 2004; x_wconf 88' lang='lat' dir='ltr'>nunquam</span> <span class='ocrx_word' id='word_1_226' title='bbox 844 1949 961 2004; x_wconf 87' lang='lat' dir='ltr'>apud</span> <span class='ocrx_word' id='word_1_227' title='bbox 991 1949 1220 1992; x_wconf 91' lang='lat' dir='ltr'>Homerum</span> <span class='ocrx_word' id='word_1_228' title='bbox 1250 1950 1294 1992; x_wconf 90' lang='lat' dir='ltr'>in</span> <span class='ocrx_word' id='word_1_229' title='bbox 1327 1966 1376 1992; x_wconf 84' lang='lat' dir='ltr'>ov</span> <span class='ocrx_word' id='word_1_230' title='bbox 1409 1949 1673 1992; x_wconf 89' lang='lat' dir='ltr'>contrahitur</span> 
     </span>
     <span class='ocr_line' id='line_1_28' title="bbox 172 2012 1671 2071; baseline -0.001 -13"><span class='ocrx_word' id='word_1_231' title='bbox 172 2015 274 2071; x_wconf 82' lang='lat' dir='ltr'>(uno</span> <span class='ocrx_word' id='word_1_232' title='bbox 316 2020 493 2070; x_wconf 81' lang='lat' dir='ltr'>excepto</span> <span class='ocrx_word' id='word_1_233' title='bbox 525 2012 821 2069; x_wconf 74' lang='grc' dir='ltr'><em>ἀνερρίπτουν</em></span> <span class='ocrx_word' id='word_1_234' title='bbox 853 2031 875 2056; x_wconf 89' lang='grc' dir='ltr'><em>ν</em></span> <span class='ocrx_word' id='word_1_235' title='bbox 908 2016 960 2056; x_wconf 82' lang='grc'>78</span> <span class='ocrx_word' id='word_1_236' title='bbox 999 2015 1064 2065; x_wconf 87' lang='lat' dir='ltr'>[cf.</span> <span class='ocrx_word' id='word_1_237' title='bbox 1095 2015 1198 2057; x_wconf 89' lang='lat' dir='ltr'>Lob.</span> <span class='ocrx_word' id='word_1_238' title='bbox 1233 2016 1297 2057; x_wconf 90' lang='lat' dir='ltr'>El.</span> <span class='ocrx_word' id='word_1_239' title='bbox 1329 2016 1384 2068; x_wconf 94' lang='lat' dir='ltr'>II,</span> <span class='ocrx_word' id='word_1_240' title='bbox 1417 2016 1505 2067; x_wconf 83' lang='lat'>93],</span> <span class='ocrx_word' id='word_1_241' title='bbox 1556 2013 1671 2067; x_wconf 85' lang='lat' dir='ltr'>quod</span> 
     </span>
     <span class='ocr_line' id='line_1_29' title="bbox 170 2077 1673 2135; baseline -0.002 -11"><span class='ocrx_word' id='word_1_242' title='bbox 170 2082 223 2124; x_wconf 92' lang='lat' dir='ltr'>ob</span> <span class='ocrx_word' id='word_1_243' title='bbox 242 2095 335 2124; x_wconf 93' lang='lat' dir='ltr'>eam</span> <span class='ocrx_word' id='word_1_244' title='bbox 352 2080 489 2135; x_wconf 92' lang='lat' dir='ltr'>ipsam</span> <span class='ocrx_word' id='word_1_245' title='bbox 506 2093 677 2123; x_wconf 88' lang='lat' dir='ltr'>causam</span> <span class='ocrx_word' id='word_1_246' title='bbox 691 2080 735 2121; x_wconf 89' lang='lat' dir='ltr'>in</span> <span class='ocrx_word' id='word_1_247' title='bbox 752 2077 1047 2135; x_wconf 76' lang='grc' dir='ltr'><em>ἇνερρίπτὲὃν</em></span> <span class='ocrx_word' id='word_1_248' title='bbox 1064 2081 1133 2122; x_wconf 88' lang='lat' dir='ltr'>vel</span> <span class='ocrx_word' id='word_1_249' title='bbox 1151 2077 1444 2135; x_wconf 79' lang='grc' dir='ltr'><em>ἀνερρίπτευν</em></span> <span class='ocrx_word' id='word_1_250' title='bbox 1461 2079 1673 2133; x_wconf 87' lang='lat' dir='ltr'>corrigen-</span> 
     </span>
     <span class='ocr_line' id='line_1_30' title="bbox 172 2142 1672 2202; baseline -0.001 -14"><span class='ocrx_word' id='word_1_251' title='bbox 172 2146 272 2189; x_wconf 91' lang='lat' dir='ltr'>dum</span> <span class='ocrx_word' id='word_1_252' title='bbox 294 2149 386 2197; x_wconf 86' lang='lat' dir='ltr'>est).</span> <span class='ocrx_word' id='word_1_253' title='bbox 433 2144 675 2189; x_wconf 85' lang='lat' dir='ltr'>Secundum</span> <span class='ocrx_word' id='word_1_254' title='bbox 707 2144 823 2188; x_wconf 85' lang='lat' dir='ltr'>Curti</span> <span class='ocrx_word' id='word_1_255' title='bbox 853 2159 958 2189; x_wconf 92' lang='lat' dir='ltr'>sane</span> <span class='ocrx_word' id='word_1_256' title='bbox 988 2145 1195 2190; x_wconf 91' lang='lat' dir='ltr'>rationem</span> <span class='ocrx_word' id='word_1_257' title='bbox 1228 2147 1388 2202; x_wconf 91' lang='lat' dir='ltr'>optime</span> <span class='ocrx_word' id='word_1_258' title='bbox 1407 2142 1528 2187; x_wconf 76' lang='grc' dir='ltr'><em>ἀλόω</em></span> <span class='ocrx_word' id='word_1_259' title='bbox 1563 2145 1672 2189; x_wconf 88' lang='lat' dir='ltr'>deri-</span> 
     </span>
     <span class='ocr_line' id='line_1_31' title="bbox 171 2208 1670 2266; baseline -0.001 -12"><span class='ocrx_word' id='word_1_260' title='bbox 171 2217 294 2254; x_wconf 86' lang='lat' dir='ltr'>vatur</span> <span class='ocrx_word' id='word_1_261' title='bbox 323 2213 376 2254; x_wconf 87' lang='lat' dir='ltr'>ab</span> <span class='ocrx_word' id='word_1_262' title='bbox 409 2209 595 2262; x_wconf 78' lang='grc' dir='ltr'><em>*ἇλαεο,</em></span> <span class='ocrx_word' id='word_1_263' title='bbox 636 2208 776 2253; x_wconf 75' lang='grc' dir='ltr'><em>*ἄλᾶο</em></span> <span class='ocrx_word' id='word_1_264' title='bbox 819 2209 889 2266; x_wconf 86' lang='lat' dir='ltr'>(cf.</span> <span class='ocrx_word' id='word_1_265' title='bbox 920 2215 1116 2265; x_wconf 77' lang='grc' dir='ltr'><em>μυθέεαι</em></span> <span class='ocrx_word' id='word_1_266' title='bbox 1146 2236 1202 2242; x_wconf 86' lang='grc'><strong>-</strong></span> <span class='ocrx_word' id='word_1_267' title='bbox 1233 2211 1465 2266; x_wconf 76' lang='grc' dir='ltr'><em>μυθεῖαι),</em></span> <span class='ocrx_word' id='word_1_268' title='bbox 1505 2208 1670 2260; x_wconf 78' lang='grc' dir='ltr'><em>*ἀλωο,</em></span> 
     </span>
     <span class='ocr_line' id='line_1_32' title="bbox 172 2275 306 2319; baseline 0.015 -2"><span class='ocrx_word' id='word_1_269' title='bbox 172 2275 306 2319; x_wconf 81' lang='grc' dir='ltr'><em>ἀλόω.</em></span> 
     </span>
    </p>

    <p class='ocr_par' dir='ltr' id='par_1_4' title="bbox 172 2338 1676 2595">
     <span class='ocr_line' id='line_1_33' title="bbox 286 2338 1674 2399; baseline 0.001 -14"><span class='ocrx_word' id='word_1_270' title='bbox 286 2341 399 2393; x_wconf 82' lang='lat' dir='ltr'>Quid</span> <span class='ocrx_word' id='word_1_271' title='bbox 429 2354 530 2385; x_wconf 85' lang='lat' dir='ltr'>vcro</span> <span class='ocrx_word' id='word_1_272' title='bbox 562 2341 615 2384; x_wconf 85' lang='lat' dir='ltr'>dc</span> <span class='ocrx_word' id='word_1_273' title='bbox 645 2341 711 2384; x_wconf 82' lang='lat' dir='ltr'>his</span> <span class='ocrx_word' id='word_1_274' title='bbox 742 2342 887 2385; x_wconf 82' lang='lat' dir='ltr'>formis</span> <span class='ocrx_word' id='word_1_275' title='bbox 929 2338 1149 2399; x_wconf 75' lang='grc' dir='ltr'><em>ὁρόωντα,</em></span> <span class='ocrx_word' id='word_1_276' title='bbox 1193 2339 1384 2398; x_wconf 77' lang='grc' dir='ltr'>ὁρόῳτε,</span> <span class='ocrx_word' id='word_1_277' title='bbox 1425 2340 1546 2386; x_wconf 76' lang='grc' dir='ltr'><em>ἀλόω</em></span> <span class='ocrx_word' id='word_1_278' title='bbox 1593 2349 1674 2387; x_wconf 80' lang='lat' dir='ltr'>cet.</span> 
     </span>
     <span class='ocr_line' id='line_1_34' title="bbox 172 2406 1675 2462; baseline 0.003 -13"><span class='ocrx_word' id='word_1_279' title='bbox 172 2406 436 2450; x_wconf 81' lang='lat' dir='ltr'>statuemus?</span> <span class='ocrx_word' id='word_1_280' title='bbox 495 2407 597 2461; x_wconf 92' lang='lat' dir='ltr'>„Ich</span> <span class='ocrx_word' id='word_1_281' title='bbox 626 2407 805 2462; x_wconf 91' lang='lat' dir='ltr'>glaube,</span> <span class='ocrx_word' id='word_1_282' title='bbox 838 2408 915 2451; x_wconf 87' lang='lat' dir='ltr'>wir</span> <span class='ocrx_word' id='word_1_283' title='bbox 944 2408 1085 2451; x_wconf 90' lang='lat' dir='ltr'>haben</span> <span class='ocrx_word' id='word_1_284' title='bbox 1118 2422 1162 2451; x_wconf 89' lang='lat' dir='ltr'>es</span> <span class='ocrx_word' id='word_1_285' title='bbox 1192 2407 1283 2451; x_wconf 89' lang='lat' dir='ltr'>hier</span> <span class='ocrx_word' id='word_1_286' title='bbox 1312 2423 1392 2451; x_wconf 84' lang='lat' dir='ltr'>nur</span> <span class='ocrx_word' id='word_1_287' title='bbox 1421 2424 1516 2453; x_wconf 92' lang='lat' dir='ltr'>zum</span> <span class='ocrx_word' id='word_1_288' title='bbox 1547 2411 1675 2453; x_wconf 89' lang='lat' dir='ltr'>Theil</span> 
     </span>
     <span class='ocr_line' id='line_1_35' title="bbox 172 2472 1673 2529; baseline 0.003 -16"><span class='ocrx_word' id='word_1_289' title='bbox 172 2472 248 2514; x_wconf 91' lang='lat' dir='ltr'>mit</span> <span class='ocrx_word' id='word_1_290' title='bbox 293 2473 430 2516; x_wconf 91' lang='lat' dir='ltr'>einem</span> <span class='ocrx_word' id='word_1_291' title='bbox 479 2473 1049 2527; x_wconf 87' lang='lat' dir='ltr'>sprachgeschichtlichen</span> <span class='ocrx_word' id='word_1_292' title='bbox 1087 2473 1284 2515; x_wconf 87' lang='lat' dir='ltr'>Problem</span> <span class='ocrx_word' id='word_1_293' title='bbox 1328 2488 1379 2516; x_wconf 90' lang='lat' dir='ltr'>zu</span> <span class='ocrx_word' id='word_1_294' title='bbox 1424 2476 1552 2529; x_wconf 89' lang='lat' dir='ltr'>thun,</span> <span class='ocrx_word' id='word_1_295' title='bbox 1604 2477 1673 2519; x_wconf 90' lang='lat' dir='ltr'>bei</span> 
     </span>
     <span class='ocr_line' id='line_1_36' title="bbox 173 2537 1676 2595; baseline 0.003 -16"><span class='ocrx_word' id='word_1_296' title='bbox 173 2537 379 2581; x_wconf 89' lang='lat' dir='ltr'>welchem</span> <span class='ocrx_word' id='word_1_297' title='bbox 424 2538 502 2581; x_wconf 88' lang='lat' dir='ltr'>wir</span> <span class='ocrx_word' id='word_1_298' title='bbox 554 2538 703 2582; x_wconf 89' lang='lat' dir='ltr'>innere</span> <span class='ocrx_word' id='word_1_299' title='bbox 747 2543 1067 2594; x_wconf 77' lang='lat' dir='ltr'>naturgemasse</span> <span class='ocrx_word' id='word_1_300' title='bbox 1111 2538 1496 2595; x_wconf 87' lang='lat' dir='ltr'>Nothwendigkeit</span> <span class='ocrx_word' id='word_1_301' title='bbox 1545 2541 1676 2585; x_wconf 87' lang='lat' dir='ltr'>bean-</span> 
     </span>
    </p>
   </div>
   <div class='ocr_carea' id='block_1_3' title="bbox 173 2604 1675 2713">
    <p class='ocr_par' dir='ltr' id='par_1_5' title="bbox 173 2604 1675 2713">
     <span class='ocr_line' id='line_1_37' title="bbox 173 2604 1675 2658; baseline 0.006 -14"><span class='ocrx_word' id='word_1_302' title='bbox 173 2604 382 2657; x_wconf 89' lang='lat' dir='ltr'>spruchen</span> <span class='ocrx_word' id='word_1_303' title='bbox 422 2605 619 2658; x_wconf 78' lang='lat' dir='ltr'>konnen,</span> <span class='ocrx_word' id='word_1_304' title='bbox 672 2604 858 2649; x_wconf 88' lang='lat' dir='ltr'>sondern</span> <span class='ocrx_word' id='word_1_305' title='bbox 897 2619 989 2647; x_wconf 89' lang='lat' dir='ltr'>zum</span> <span class='ocrx_word' id='word_1_306' title='bbox 1039 2604 1201 2648; x_wconf 83' lang='lat' dir='ltr'>andern</span> <span class='ocrx_word' id='word_1_307' title='bbox 1240 2605 1367 2650; x_wconf 89' lang='lat' dir='ltr'>Theil</span> <span class='ocrx_word' id='word_1_308' title='bbox 1412 2608 1488 2650; x_wconf 92' lang='lat' dir='ltr'>mit</span> <span class='ocrx_word' id='word_1_309' title='bbox 1534 2608 1675 2653; x_wconf 90' lang='lat' dir='ltr'>einem</span> 
     </span>
     <span class='ocr_line' id='line_1_38' title="bbox 244 2677 1397 2713; baseline 0.001 -6"><span class='ocrx_word' id='word_1_310' title='bbox 244 2681 421 2713; x_wconf 79' lang='lat' dir='ltr'>Curtius,</span> <span class='ocrx_word' id='word_1_311' title='bbox 444 2684 564 2709; x_wconf 85' lang='lat' dir='ltr'>Studien</span> <span class='ocrx_word' id='word_1_312' title='bbox 585 2684 633 2709; x_wconf 78' lang='lat' dir='ltr'>VI.</span> <span class='ocrx_word' id='word_1_313' title='bbox 1359 2677 1397 2708; x_wconf 81' lang='lat'>12</span> 
     </span>
    </p>
   </div>
  </div>
 </body>
</html>
