1803 3230
169 292 187 328 1
195 290 247 329 64
839 290 1012 334 Mangold

164 407 431 461 Argumenta
474 410 639 460 autem,
691 405 846 459 quibus
890 406 1001 449 hanc
1045 406 1322 448 mutationem
1371 407 1673 451 commendare

163 472 319 525 voluit,
352 485 379 513 a
407 471 646 514 Dietrichio
677 471 837 525 optimo
862 472 963 527 jure
992 472 1220 526 reprobata
1250 483 1344 514 esse
1368 470 1461 526 jam
1492 484 1673 516 comme-

163 531 439 580 moravimus.
490 536 578 581 Sed
608 549 664 580 ne
693 537 793 579 huic
824 537 996 591 quidem
1025 537 1071 580 in
1102 535 1360 592 explicanda
1389 536 1672 592 productione

165 617 234 647 me
263 603 464 646 assentiri
494 616 635 659 posse,
666 602 781 646 idem
811 616 942 658 supra
972 602 1191 647 confessus
1220 616 1327 647 sum.

281 668 451 712 Curtius
472 669 659 724 denique
678 669 821 724 priore
840 674 1033 724 tempore
1054 668 1452 724 (‚,delpl1.1nschr.“
1474 670 1548 713 l.c.
1566 671 1673 724 „Er-

165 735 304 777 laut.“
337 735 366 777 l.
388 733 444 790 c.)
473 734 536 777 ita
561 734 795 789 explicavit
816 734 1067 788 quantitatis
1088 735 1362 789 varietatem,
1394 739 1441 777 ut
1468 735 1671 790 spirantis

164 800 207 843 vi
223 799 353 844 modo
367 800 485 856 prior
504 799 632 843 modo
648 799 858 854 posterior
876 799 1037 842 vocalis
1057 800 1374 855 produceretur.
1404 800 1669 856 Quamquam

165 870 311 909 autem
355 870 506 920 postea
534 865 716 906 mutavit
753 864 1010 906 sententiam
1042 865 1240 918 (,‚Stud.“
1269 866 1336 907 III
1365 867 1393 907 1.
1426 869 1490 919 6.),
1532 880 1671 920 neque

164 944 280 973 nunc
311 931 548 985 quisquam,
579 933 785 983 quantum
815 928 916 981 scio,
948 929 1041 983 ejus
1071 930 1353 984 patrocinium
1382 931 1554 985 publice
1585 945 1672 975 sus-

165 997 299 1051 cepit,
350 999 514 1048 tamen,
566 1008 661 1037 cum
702 1006 854 1036 causas
891 994 966 1035 ille
1004 1008 1090 1036 non
1128 994 1183 1037 sit
1231 995 1468 1048 professus,
1520 997 1672 1050 quibus

165 1061 316 1103 ductus
344 1060 526 1103 alteram
565 1058 897 1113 explicationem
922 1059 1015 1113 jam
1046 1073 1134 1101 non
1163 1060 1385 1113 probaret,
1430 1060 1543 1103 hanc
1573 1075 1673 1116 quo-

164 1139 246 1181 que
288 1125 393 1168 mihi
431 1122 766 1168 examinandam
808 1136 902 1166 esse
939 1123 1100 1178 putavi.
1161 1124 1312 1179 Neque
1354 1125 1468 1168 enim
1508 1126 1670 1181 dubito,

162 1192 263 1245 quin
293 1191 472 1234 Ebelius
502 1189 570 1240 (cf.
601 1189 655 1232 K.
686 1189 733 1230 Z.
764 1188 839 1241 IV,
878 1190 971 1238 171)
1004 1193 1046 1232 et
1071 1189 1360 1233 Delbruckius
1391 1190 1458 1239 (cf.
1488 1191 1670 1245 ‚‚Stud.“

160 1257 218 1310 ΙΙ,
254 1258 333 1299 193
365 1257 473 1310 sqq.)
504 1268 625 1298 suam
653 1255 854 1311 fecerint,
888 1257 968 1300 etsi
996 1269 1083 1298 non
1114 1255 1351 1299 edixerunt.
1402 1256 1671 1311 Brugmanus

161 1334 330 1376 quoque
369 1320 616 1364 dubitanter
652 1325 818 1364 tantum
857 1334 953 1365 eam
993 1322 1198 1377 reprobat
1241 1319 1301 1376 (p.
1338 1323 1417 1364 184
1446 1322 1548 1365 adn.
1581 1322 1669 1378 88).

161 1388 256 1441 Ego
300 1399 402 1429 vero
449 1386 708 1429 sententiam
753 1387 874 1430 illam
920 1386 1234 1442 repudiandam
1280 1400 1374 1430 esse
1419 1400 1668 1442 persuasum

160 1453 315 1496 habeo.
375 1451 547 1506 Optime
585 1452 699 1495 enim
731 1452 967 1495 Sonnius
1004 1452 1110 1494 mihi
1147 1452 1334 1495 sensisse
1370 1452 1552 1504 videtur,
1598 1453 1669 1507 qui

160 1519 215 1561 K.
246 1519 293 1560 Z.
324 1517 456 1570 XIII,
494 1519 576 1560 438
614 1517 723 1560 haec
761 1517 911 1560 habet:
963 1517 1049 1571 „So
1088 1517 1261 1571 gefugig
1300 1516 1370 1559 die
1413 1517 1670 1561 halbvocale

161 1583 238 1626 der
276 1582 483 1636 dehnung
513 1582 590 1625 des
627 1581 1014 1636 voi-hergehenden
1051 1582 1198 1625 vocals
1235 1582 1668 1636 entgegenkommen,

161 1661 208 1692 es
239 1647 401 1700 winde,
433 1648 623 1702 glauben
652 1648 742 1700 vvir,
775 1647 852 1691 der
875 1653 1002 1690 natur
1021 1647 1333 1690 menschlicher
1352 1649 1668 1704 sprachorgane

161 1713 534 1768 widerspreohen,
578 1726 706 1755 vvenn
746 1713 823 1754 wir
860 1713 993 1755 ihnen
1031 1713 1101 1755 die
1130 1713 1299 1767 gleiche
1328 1713 1528 1766 vvirkung
1558 1715 1667 1757 auch

160 1778 228 1821 fur
259 1777 345 1821 den
375 1777 676 1833 folgenden
707 1779 832 1821 vocal
860 1779 1135 1822 zuerkennen
1157 1778 1379 1820 wollten.“
1428 1778 1552 1830 Quod
1573 1793 1667 1823 cum

159 1843 426 1899 argumentis
468 1857 555 1886 non
594 1843 928 1897 confirmaverit,
979 1857 1118 1886 meum
1159 1848 1220 1887 est
1265 1844 1358 1898 ejus
1396 1844 1666 1898 sententiam,

159 1910 411 1964 si'possum‚
445 1909 628 1963 probare
658 1908 898 1952 rationibus
927 1910 1084 1953 allatis.

272 1975 543 2029 Brugmanus
594 1972 699 2030 (‚,de
746 1974 867 2029 prod.
912 1973 1127 2029 supplet.“
1171 1973 1292 2017 Stud.
1333 1974 1407 2024 IV,
1448 1974 1664 2031 61—186)

156 2045 384 2096 postquam
414 2041 609 2083 vocalem
640 2041 815 2083 brevem
858 2044 900 2082 et
930 2045 1031 2083 ante
1062 2040 1169 2082 duas
1200 2053 1411 2083 consonas
1441 2041 1667 2084 continuas

157 2111 199 2149 et
228 2110 330 2149 ante
360 2107 575 2161 spirantes
595 2123 623 2149 J·-
654 2110 696 2149 et
716 2106 748 2160 j
765 2106 944 2160 produci
974 2111 1048 2149 aut
1077 2119 1172 2148 cum
1203 2105 1421 2160 sequentis
1451 2119 1667 2149 consonae

137 2172 324 2226 “jactura
362 2176 437 2213 aut
474 2172 567 2214 sine
606 2184 659 2214 ea
696 2172 758 2214 ita
797 2171 957 2223 effecit,
1009 2176 1055 2213 ut
1100 2184 1226 2213 nemo
1267 2171 1304 2213 ei
1343 2171 1541 2213 assentiri
1579 2184 1666 2213 non

155 2237 313 2292 possit:
365 2236 494 2279 etiam
534 2240 783 2290 sequentem
823 2237 1016 2279 vocalem
1055 2235 1165 2279 affici
1205 2235 1485 2291 productione
1523 2236 1665 2291 suppl.

155 2303 461 2356 digammatica
490 2302 674 2356 probare
704 2302 868 2353 studet,
908 2302 988 2344 hac
1024 2301 1262 2343 affectionis
1294 2300 1541 2343 definitione
1571 2315 1665 2355 pro-

154 2368 297 2422 posita
336 2381 377 2422 p.
414 2369 515 2410 135:
567 2366 667 2420 „Fit
707 2371 850 2409 autem
891 2380 943 2409 ea
980 2366 1203 2421 productio
1238 2366 1318 2419 ita,
1364 2369 1410 2407 ut
1449 2365 1664 2419 digammo

156 2434 335 2476 dissolvi
385 2438 536 2488 coepto
575 2433 860 2475 instrumenta
897 2433 1096 2485 loquelae
1134 2444 1423 2486 praepropere
1463 2434 1506 2473 et
1548 2431 1664 2486 prius

156 2513 285 2554 quam
326 2498 513 2542 debeant
552 2497 608 2541 ad
648 2499 842 2541 vocalem
874 2497 1181 2540 enuntiandam
1212 2496 1548 2552 aggrediantur“
1583 2503 1662 2541 cet.

155 2565 248 2608 Hac
277 2578 380 2608 vero
409 2565 454 2607 in
484 2579 530 2608 re
560 2578 655 2608 cum
687 2577 737 2607 eo
769 2564 910 2607 facere
939 2578 1026 2606 non
1056 2578 1242 2619 possum.
1299 2564 1410 2606 Nam
1442 2576 1536 2604 cum
1568 2578 1663 2619 pro-

156 2631 298 2673 ductio
328 2631 589 2684 regressiva‚
623 2644 751 2684 quam
782 2634 929 2682 vocat,
961 2629 1005 2671 in
1036 2629 1419 2671 innumerabilibus
1450 2630 1662 2684 exemplis

155 2695 247 2739 sive
291 2701 392 2739 ante
440 2695 546 2739 duas
584 2696 749 2738 litteras
796 2695 1039 2749 continuas,
1092 2694 1183 2737 sive
1222 2699 1323 2737 ante
1362 2710 1390 2736 π
1430 2698 1472 2736 et
1506 2694 1524 2749 j
1565 2707 1663 2738 con-
