1803 3230
648 251 703 286 De
729 251 879 287 diectasi
902 253 1093 288 homerica.
1535 252 1613 292 149

118 385 223 426 prae
253 371 403 415 ceteris
432 369 571 413 audiri
602 368 805 421 VelimUS‚
845 368 1008 423 majore
1038 370 1080 411 vi
1111 370 1201 430 vel,
1241 375 1286 412 ut
1316 384 1408 413 cum
1442 372 1613 426 physio-

117 437 226 493 logis
256 437 418 492 loquar,
448 434 621 478 fortiore
651 433 932 489 respiratione
961 434 1301 490 pronuntiemus,
1342 435 1397 479 de
1428 436 1614 480 Graeco-

117 517 208 545 rum
238 502 482 545 accentibus
520 502 649 553 longe
687 501 812 542 aliter
849 500 1120 543 statuendum
1160 506 1235 543 est.
1296 503 1347 544 Ei
1386 504 1520 554 enim,
1568 511 1613 546 ut

110 568 202 624 jam
232 568 403 612 nomine
433 563 667 622 προςῳὸία
697 566 918 616 (accentus)
950 564 1162 619 discimus,
1193 579 1279 608 non
1300 567 1387 609 alia
1408 567 1461 610 de
1482 581 1613 612 causa

116 636 240 689 signa
268 635 344 676 illa
373 631 669 686 appingebant
700 644 825 684 quam
856 636 902 673 ut
932 631 1190 684 indicarent,
1232 645 1315 685 qua
1345 634 1460 676 vocis
1491 636 1610 688 quasi

115 698 405 744 modulatione
445 695 766 752 pronuntianda
804 700 946 739 essent
983 697 1205 739 vocabula.
1266 695 1329 739 Cf.
1370 711 1478 752 quae
1518 700 1612 742 sub-

114 766 310 810 tilissime
349 766 428 806 hac
468 763 523 805 de
559 776 604 805 re
643 763 843 805 disseruit
874 763 1155 818 Hadleyus
1193 763 1237 805 in
1278 762 1392 806 Ourt.
1431 766 1611 818 „Stud.“

115 831 165 886 V,
185 832 278 873 '409
310 842 401 885 sqq.

228 917 474 962 Sufficiebat
503 921 647 960 autem
678 930 752 960 eas
781 916 975 972 syllabas
1005 916 1139 971 signis
1168 921 1329 971 notare,
1366 931 1477 971 quae
1507 932 1612 962 voce

112 989 239 1027 acuta
267 984 388 1038 quasi
418 982 693 1025 canebantur.
753 982 851 1025 Jam
890 982 1063 1037 syllaba
1097 982 1246 1035 longa,
1287 996 1395 1036 quae
1433 989 1611 1026 accentu

114 1048 399 1103 distinguitur,
439 1047 650 1103 triplici
679 1047 830 1090 modo
869 1047 1137 1102 pronuntiari
1166 1051 1319 1102 potest.
1379 1049 1465 1091 Aut
1495 1050 1609 1092 enim

113 1118 202 1155 tota
239 1114 409 1168 syllaba
446 1127 530 1155 uno
571 1112 808 1167 eodemque
845 1126 951 1156 sono
988 1117 1112 1155 acuto
1151 1113 1315 1155 canitur
1359 1114 1609 1170 (προςῳδία

113 1176 268 1231 ὀξεῖα),
308 1192 343 1221 e.
374 1192 414 1232 g.
447 1177 533 1229 εἵς,
575 1176 682 1235 τιμή
694 1180 773 1229 (a),
815 1182 888 1220 aut
925 1178 1066 1232 priore
1103 1178 1300 1233 syllabae
1337 1184 1460 1234 parte
1489 1180 1608 1224 fusce

113 1243 230 1285 edita
265 1244 309 1284 in
349 1244 582 1298 posteriore
613 1241 783 1286 demum
821 1247 942 1297 parte
971 1256 1054 1285 vox
1084 1243 1142 1285 ad
1180 1257 1330 1286 sonum
1359 1244 1481 1286 illum
1513 1259 1608 1287 acu-

112 1312 199 1349 tum
239 1307 410 1350 effertur
448 1308 536 1361 (qui
573 1312 773 1350 accentus
814 1321 901 1350 non
929 1308 1069 1350 minus
1099 1321 1224 1361 quam
1265 1309 1336 1362 qui
1365 1310 1495 1364 vulgo
1534 1311 1611 1352 cir-

112 1372 344 1416 cumflexus
364 1377 550 1423 vocatur,
575 1373 620 1415 in
640 1373 757 1416 vocis
777 1372 961 1416 flexione
981 1373 1145 1427 positus
1166 1379 1244 1427 est,
1267 1388 1397 1428 quare
1416 1380 1608 1418 veterum

113 1437 306 1493 quidam,
347 1443 393 1481 ut
423 1437 610 1481 Glaucus
640 1438 829 1490 Samius,
871 1451 966 1481 eum
1005 1438 1176 1493 proprio
1215 1440 1387 1483 nomine
1419 1438 1609 1483 ἀντανα-

113 1504 340 1560 κλωμένην
373 1503 597 1557 dixerunt),
642 1518 678 1547 e.
710 1518 750 1558 g.
782 1501 1092 1557 ἄπιοι-όντων,
1135 1502 1386 1546 ἆντιώντων
1402 1506 1483 1559 (b),
1535 1512 1609 1548 aut

111 1568 226 1623 prior
256 1568 450 1624 syllabae
488 1582 588 1623 pars
617 1582 722 1612 sono
752 1572 876 1611 acuto
909 1568 1087 1622 canitur,
1127 1567 1172 1610 in
1212 1570 1445 1623 posteriore
1486 1576 1610 1625 parte

111 1633 169 1676 ad
206 1634 352 1688 paullo
382 1635 624 1688 graviorem
662 1648 813 1678 sonum
853 1633 1088 1677 deflectitur
1117 1647 1201 1677 vox
1233 1637 1607 1693 (περισπωμένη),

113 1711 148 1740 e.
179 1711 219 1752 g.
252 1696 546 1750 ἀντιά-οντες,
578 1698 903 1751 ἄντιωντες(0)·

189 1809 520 1984 Ξᾞ
524 1858 1024 1983 ΞῖΞΞὲῈ
1067 1858 1481 1982 ΞΞᾸΞΞΞ
1414 1887 1528 1983 -Ξ

243 2032 317 2058 τι·
331 2033 391 2073 μη
507 2060 510 2062 ,
555 2014 640 2059 ἇν-
619 2032 740 2058 -u-
762 2031 863 2057 ων·
879 2031 968 2058 των
1126 2011 1219 2057 ἆν-
1238 2031 1318 2057 τι·-
1333 2032 1426 2057 ων-
1437 2032 1512 2067 ”teg

225 2134 387 2186 Quibus
425 2140 605 2191 apparet
641 2148 813 2190 prorsus
851 2132 1041 2177 sufficere
1080 2133 1137 2176 ad
1174 2146 1322 2177 vocem
1360 2134 1439 2176 tali
1475 2134 1603 2178 modo

109 2198 387 2254 flectendam,
418 2202 445 2243 i.
479 2214 514 2243 e.
546 2200 603 2243 ad
630 2198 945 2243 'circumflexum
985 2199 1230 2254 ponendum
1261 2199 1439 2242 duarum
1470 2214 1607 2244 mora-

110 2277 201 2305 rum
231 2266 445 2320 syllabam
475 2267 722 2320 nullamque
752 2278 847 2309 esse
876 2277 1066 2319 causam,
1104 2278 1177 2308 cur
1206 2265 1398 2320 syllabas
1430 2265 1605 2308 circum-

109 2328 241 2374 flexas
270 2331 325 2374 ab
355 2332 476 2374 initio
496 2331 622 2375 trium
641 2345 855 2374 morarum
875 2344 1118 2375 mensuram
1138 2330 1339 2374 habuisse
1364 2330 1603 2375 credamus.

110 2394 207 2437 Jam
246 2409 340 2439 cum
371 2396 663 2441 circumflexus
699 2396 808 2439 nihil
847 2397 965 2439 aliud
1001 2397 1055 2439 sit
1092 2396 1174 2439 nisi
1204 2396 1412 2450 signum
1442 2397 1605 2440 melo·

109 2458 255 2515 diae,
308 2475 391 2516 qua
429 2459 514 2505 vox
558 2467 756 2514 canatur,
805 2462 1140 2506 luculentissime
1177 2465 1378 2516 apparet,
1431 2463 1605 2506 solius

109 2525 269 2580 hujus
300 2528 441 2583 signi
471 2528 513 2570 vi
544 2528 759 2584 syllabam
789 2527 965 2583 produci
992 2542 1078 2571 non
1108 2540 1247 2582 posse.
1300 2527 1393 2571 Hoc
1424 2528 1538 2572 enim
1567 2528 1604 2571 si

108 2603 308 2644 sumeres,
339 2599 686 2648 consequeretur,
717 2605 1058 2648 unumquemque
1088 2606 1262 2645 sonum,
1302 2607 1385 2648 quo
1415 2593 1605 2637 acutiore

107 2668 212 2700 voce
241 2656 448 2713 ederetur,
480 2672 530 2703 eo
560 2660 795 2714 longiorem
826 2672 934 2702 esse.
