1803 3230
693 263 748 298 De
773 261 923 298 diectasi
945 261 1138 297 homerica.
1586 256 1665 295 157

171 389 327 436 graeca
355 380 399 422 in
430 395 514 421 -οω
546 379 601 421 ab
622 376 846 432 adjectivis
878 375 1072 418 derivata
1091 380 1189 418 sunt
1209 380 1251 418 et
1276 375 1427 419 eadem
1449 376 1504 428 vi,
1537 389 1661 429 quam

173 446 329 497 dicunt,
360 445 550 489 faetitiva
569 458 648 486 usu
678 443 855 485 veniunt
886 442 951 492 (cf.
976 441 1086 484 Gurt.
1109 442 1254 497 Symb.
1280 442 1385 497 phil.
1408 442 1544 484 Bonn.
1568 444 1662 483 272.

175 511 362 563 Grassm.
403 511 456 553 K.
488 511 534 551 Z.
565 510 651 559 XI,
694 509 892 555 93—99).
959 507 1078 558 Quae
1117 507 1365 561 gravissimo
1404 508 1527 550 nobis
1567 512 1665 549 sunt

172 576 342 628 indicio,
374 576 508 619 verba
536 575 581 616 in
611 587 678 615 -ao
709 586 735 615 a
764 573 929 627 graecis
958 573 1003 614 in
1033 587 1121 613 -αω
1153 572 1321 626 sejungi
1351 586 1436 615 non
1466 586 1605 628 posse.

286 641 409 693 Quod
439 654 540 683 vero
561 653 650 682 non
668 639 775 681 adeo
797 639 931 681 multa
952 638 1151 692 exempla
1170 637 1455 690 inveniantur,
1488 652 1663 692 quorum

174 713 215 750 et
244 708 398 761 stirpes
419 711 461 748 et
481 704 633 748 suffixa
654 704 804 746 eadem
827 705 910 746 sint
930 704 973 745 in
1002 716 1157 757 graeca
1182 706 1309 756 atque
1338 703 1474 744 latina
1503 704 1662 756 lingua,

173 787 259 815 non
291 777 374 823 est,
420 784 492 813 cur
521 771 734 812 miremur.
794 770 861 812 Ex
890 770 1100 811 immensa
1130 767 1243 810 enim
1273 767 1497 810 verborum
1529 769 1663 823 eopia,

174 851 258 891 qua
303 837 396 879 sine
444 836 572 878 dubio
612 834 870 877 Graeeoitali
914 834 998 887 illi,
1057 846 1161 887 quos
1206 838 1380 886 vocant,
1426 834 1664 886 utebantur,

173 906 398 956 postquam
428 901 609 955 digressi
641 903 751 953 sunt,
789 899 940 942 Graeci
970 898 1070 952 alia,
1102 898 1189 940 alia
1218 898 1316 940 Itali
1348 903 1562 953 tamquam
1593 899 1668 940 im-

174 964 421 1022 pedime'nta
468 966 636 1008 inutilia
681 970 809 1019 atque
846 965 891 1006 in
937 964 1133 1006 diuturno
1177 963 1328 1006 itinere
1372 965 1553 1006 molesta
1597 964 1669 1006 ab·

169 1021 404 1089 jecerunts
436 1031 480 1075 hi
518 1032 626 1087 alio,
677 1031 762 1074 alio
801 1030 865 1073 illi
904 1033 946 1073 et
983 1043 1128 1073 amore
1174 1034 1215 1074 et
1266 1029 1409 1073 taedio
1461 1029 1574 1073 ducti
1623 1030 1667 1072 in

173 1098 386 1152 eligendo.

287 1164 389 1205 Post
439 1162 707 1205 Gorssenium
756 1165 898 1204 autem
953 1161 1197 1215 nuperrime
1246 1160 1666 1214 Savelsbergius

176 1229 227 1270 K.
258 1229 304 1270 Z.
334 1228 463 1282 XXI,
501 1230 579 1269 146
610 1240 700 1281 sqq.
740 1240 826 1268 non
856 1226 992 1268 solum
1027 1227 1159 1269 verba
1188 1226 1233 1268 in
1264 1240 1376 1278 -are,
1416 1225 1492 1267 sed
1524 1226 1667 1267 omnia

175 1305 355 1348 graecae
404 1297 446 1334 et
493 1292 655 1334 latinae
692 1291 864 1345 linguae
902 1291 1034 1334 verba
1080 1296 1296 1333 contracta
1333 1290 1453 1332 initio
1492 1304 1577 1332 non
1621 1290 1666 1332 in

176 1358 342 1413 -ajdmz',
397 1356 472 1399 sed
520 1357 566 1398 in
614 1357 771 1396 -avc‘zmi
817 1356 972 1398 exiisse
1022 1355 1313 1398 demonstrare
1364 1360 1541 1398 conatus
1592 1361 1667 1397 est.

175 1424 362 1466 Primum
393 1435 494 1464 vero
523 1422 617 1476 ipse
646 1421 811 1464 nullum
842 1421 1011 1463 omnino
1051 1426 1348 1475 argumentum
1383 1426 1529 1464 contra
1560 1421 1669 1475 Bop·

176 1490 290 1544 pium
322 1488 446 1530 affert
486 1488 569 1530 nisi
608 1486 721 1541 quod
759 1487 898 1529 causis
937 1499 1031 1529 esse
1068 1487 1218 1529 fultam
1257 1487 1372 1530 illius
1411 1487 1667 1530 sententiam

176 1559 307 1608 negat
345 1567 386 1607 p.
419 1555 514 1594 200.
574 1552 721 1593 Artam
761 1551 889 1604 igitur
926 1556 968 1594 et
1005 1552 1351 1594 conformationis
1381 1557 1423 1594 et
1461 1551 1670 1605 significa-

176 1619 305 1663 tionis
335 1617 632 1661 nec-essitatem
663 1630 757 1659 cum
786 1616 929 1660 verbis
963 1617 1007 1659 in
1045 1633 1153 1659 -αιω
1186 1622 1228 1659 et
1266 1616 1401 1669 -αζω,
1448 1630 1532 1671 qua
1574 1629 1671 1658 mea

178 1684 349 1739 quidem
389 1683 604 1726 sententia
633 1682 818 1724 maxime
856 1683 1058 1736 probatur
1094 1683 1172 1724 illa
1202 1683 1449 1736 explicatio,
1502 1682 1670 1724 Savels-

178 1749 348 1804 bergius
378 1748 502 1790 nihili
530 1747 651 1801 facit3
685 1746 774 1800 sed,
806 1747 948 1790 verbis
978 1748 1023 1790 in
1053 1747 1167 1799 -αζω
1198 1747 1418 1801 neglectis,
1451 1762 1498 1788 αι
1524 1747 1670 1789 verbo-

177 1830 269 1857 rum
306 1816 350 1856 in
389 1829 496 1854 -αιω
536 1813 606 1860 (de
637 1813 703 1854 his
734 1812 784 1853 cf.
817 1812 930 1854 Cur-t.
971 1813 1152 1866 „Stud.“
1183 1813 1268 1865 III,
1310 1815 1387 1854 188
1420 1815 1526 1865 sqq.)
1577 1825 1670 1854 esse

178 1878 456 1935 productione
476 1878 632 1919 factum
654 1889 707 1919 ex
728 1892 756 1918 α
776 1876 1015 1919 contendit:
1048 1890 1175 1931 saepe
1197 1877 1310 1919 enim
1333 1875 1435 1930 fieri,
1472 1882 1517 1918 ut
1538 1892 1565 1917 α
1588 1892 1607 1918 ε
1632 1892 1667 1928 O,

177 1943 385 1999 imprimis
414 1943 535 1985 metri
570 1943 728 1996 gratia,
771 1942 816 1984 in
847 1958 895 1984 αι
926 1959 967 1985 ει
999 1958 1041 1984 οι
1081 1942 1379 1996 producantur.
1440 1943 1505 1984 De
1544 1943 1668 1984 metri

178 2009 351 2067 licentia
401 2007 575 2061 cogitari
624 2021 709 2049 non
759 2020 885 2060 posse
934 2020 983 2049 eo
1028 2008 1260 2050 clarissime
1304 2012 1505 2061 apparet,
1556 2007 1669 2061 quod

181 2074 357 2117 παλαίει)
390 2070 445 2128 (e.
476 2085 514 2126 g.
547 2072 849 2121 παλαίσαντες
879 2072 990 2114 Xen.
1020 2071 1117 2115 Oec.
1154 2076 1217 2123 17,
1251 2074 1289 2125 2,
1320 2072 1370 2114 cf.
1393 2072 1496 2114 Lob.
1519 2072 1669 2115 Rhem.

184 2143 279 2190 194)
325 2144 366 2182 et
408 2135 661 2190 πάλαισμα,
712 2138 986 2193 παλαίστρα,
1035 2138 1322 2190 ταλαίπωρος
1366 2138 1606 2192 similiaque
1646 2153 1671 2181 a

180 2205 323 2249 verbis
370 2204 414 2245 in
459 2218 565 2243 -αιω
612 2202 804 2245 derivata
854 2205 907 2253 (v.
948 2202 1128 2245 Curtsl.
1164 2216 1198 2245 c.
1236 2205 1330 2253 191)
1382 2203 1509 2245 etiam
1555 2204 1672 2258 apud

181 2270 410 2325 scriptores
448 2280 600 2322 prosae
638 2267 841 2310 orationis
870 2268 1164 2323 inveniuntur,
1210 2268 1499 2323 diphthongos
1529 2274 1671 2312 autem

183 2336 275 2377 sola
314 2332 588 2389 productione
623 2345 646 2374 e
675 2332 878 2376 brevibus
915 2334 1134 2376 vocalibus
1174 2347 1269 2376 esse
1306 2333 1459 2385 factas,
1511 2334 1673 2377 nemini

182 2400 257 2443 ille
285 2398 571 2455 persuadebit.

279 2467 392 2515 ‚Jam
423 2478 543 2517 vero,
582 2469 627 2506 ut
655 2464 958 2517 concedamus,
1004 2466 1142 2520 Boppi
1173 2465 1431 2519 hypothesin
1462 2480 1549 2508 non
1581 2480 1674 2509 esse

183 2531 284 2573 satis
322 2531 565 2585 probatam,
613 2534 699 2571 tum
741 2529 911 2572 demum
942 2543 994 2573 ea
1022 2530 1145 2572 nobis
1173 2530 1306 2572 missa
1339 2530 1538 2573 facienda
1569 2537 1672 2584 erat,

182 2596 217 2637 si
255 2596 385 2638 aliam
421 2595 743 2648 Savelsbergius
782 2596 1047 2649 protulisset,
1098 2608 1205 2649 quae
1245 2596 1399 2639 melius
1437 2597 1674 2640 rationibus

181 2660 288 2703 fulta
331 2665 453 2704 esset.
513 2659 635 2712 Quod
678 2672 774 2703 mea
813 2660 982 2714 quidem
1022 2661 1219 2716 opinione
1260 2662 1299 2704 ei
1350 2676 1435 2704 non
1485 2663 1673 2717 contigit.
