1803 3230
664 243 720 278 De
743 242 894 277 diectasi
917 242 1109 280 homerica.
1216 243 1222 248 ’
1560 243 1640 281 147

136 363 314 417 jecturis
363 361 577 417 prolatis¹)
627 372 835 402 summam
885 359 1184 413 disputationis
1233 361 1299 404 his
1348 362 1642 417 complectitur

142 443 182 483 p.
215 432 318 471 417:
370 427 500 480 ⁷‚Was
530 439 632 467 man
663 423 799 466 daher
828 424 894 466 als
927 424 1100 478 epische
1130 425 1342 477 diectasis,
1374 427 1639 479 distraction‚

139 494 414 547 zerdehnung
435 489 721 546 darzustellen
742 488 885 543 pflegt‚
907 489 1118 532 reduciert
1133 489 1222 532 sich
1243 505 1418 535 unserer
1437 493 1642 547 meinung

140 560 251 602 nach
281 559 354 601 auf
382 558 466 600 den
486 554 1114 608 metrisch-orthographischen
1146 555 1360 598 ausdruck
1392 557 1467 599 der
1496 558 1638 610 weise‚

140 624 222 668 wie
236 624 285 679 je
305 622 416 666 nach
439 620 514 664 der
533 618 780 674 grundform
802 618 872 661 die
902 620 1297 663 contractionssilbe
1316 622 1527 665 zwischen
1549 622 1637 666 drei

139 689 227 731 und
246 689 337 730 vier
366 700 513 728 moren
536 684 805 728 schwankt.“
866 684 975 726 Sunt
995 698 1096 727 vero
1118 685 1355 728 certissima
1374 693 1637 740 argumenta,

140 754 291 809 quibus
320 752 428 794 haec
450 750 692 793 Mehlhorni
724 754 765 792 et
795 749 929 792 Sonni
958 749 1171 792 sententia
1199 750 1330 805 plane
1359 751 1591 794 refellatur.

255 818 366 859 Nam
398 829 451 858 ea
482 816 535 858 de
566 829 623 866 re,
655 815 768 868 quod
797 814 1011 857 interdum
1036 814 1081 856 fit
1110 815 1155 856 in
1187 816 1447 863 carminibus
1476 818 1638 860 melicis

139 883 359 926 modorum
390 882 644 923 musicorum
674 880 730 933 vi,
761 884 807 922 ut
837 879 1009 935 syllaba
1038 879 1094 921 ad
1124 880 1248 922 trium
1279 895 1494 924 morarum
1523 895 1639 925 men-

139 947 279 992 suram
309 960 442 1001 usque
472 946 741 1001 producatur,
774 945 1028 988 concludere
1048 945 1164 999 apud
1189 947 1331 1000 epicos
1352 960 1520 1001 quoque
1540 948 1639 990 huic

138 1014 405 1069 productioni
435 1013 574 1054 locum
604 1024 699 1054 esse
737 1011 884 1053 datum
914 1010 1116 1054 audacius
1147 1016 1222 1054 est.
1282 1013 1415 1055 Immo
1454 1026 1510 1056 ne
1538 1026 1639 1055 con-

138 1079 298 1120 cineret
318 1078 489 1132 quidem
510 1077 615 1120 haec
640 1076 855 1119 homerica
885 1076 1109 1130 productio
1134 1090 1228 1118 cum
1258 1078 1343 1120 illis
1373 1079 1635 1120 melicorum.

138 1142 264 1198 Apud
295 1155 367 1185 eos
398 1142 509 1185 enim
541 1155 634 1184 cum
665 1154 833 1195 semper
871 1141 1041 1196 syllaba
1078 1141 1155 1183 illa
1185 1142 1314 1185 valde
1344 1143 1550 1197 producta
1578 1144 1635 1185 ab

136 1208 223 1250 arsi
251 1207 446 1261 incipiat,
486 1211 574 1248 tum
603 1206 660 1248 ad
690 1206 832 1248 thesin
863 1205 1039 1259 defluat,
1079 1207 1195 1260 apud
1225 1207 1336 1249 hunc
1367 1221 1391 1250 e
1421 1209 1634 1250 contrario

136 1274 386 1328 plerumque
417 1275 470 1323 (e.
500 1285 539 1325 g.
570 1272 615 1313 in
647 1268 863 1326 ὃρόωντα)
894 1284 921 1313 a
949 1270 1061 1313 thesi
1098 1270 1269 1327 incipit,
1308 1278 1396 1315 tum
1427 1273 1484 1316 ad
1519 1273 1634 1316 arsin

137 1338 320 1381 effertur.
381 1336 488 1390 Sed,
524 1341 571 1378 ut
599 1337 730 1379 talem
760 1336 1079 1391 productionem
1110 1335 1201 1380 fieri
1230 1351 1355 1392 posse
1386 1339 1632 1390 concedam,

135 1404 180 1445 in
210 1402 404 1446 versibus
434 1401 617 1444 heroicis
654 1401 808 1444 factam
845 1413 941 1443 esse
970 1401 1062 1443 sine
1091 1401 1181 1444 ulla
1211 1402 1477 1446 dubitatione
1507 1416 1632 1457 nego.

136 1469 247 1510 Nam
278 1467 468 1521 profecto
498 1466 617 1508 nullo
647 1466 773 1509 modo
804 1468 985 1522 syllabis
1014 1469 1106 1511 istis
1135 1468 1319 1510 inductis
1348 1473 1462 1511 stare
1493 1473 1635 1522 potest

136 1533 373 1588 rhythmus.
433 1530 514 1582 Qui
553 1531 665 1574 enim
705 1532 844 1574 claudi
886 1537 1027 1587 potest
1063 1534 1314 1576 hexameter
1350 1533 1418 1575 his
1452 1533 1633 1588 syllabis

137 1633 167 1636 n
189 1623 218 1636 1,
245 1628 312 1634 -
336 1596 397 1638 ψῬ
455 1597 522 1638 Ita
564 1597 760 1639 nimirum
806 1603 1076 1653 comparatus
1123 1603 1235 1642 esset
1272 1597 1368 1641 finis
1405 1598 1633 1641 multorum

135 1676 355 1717 versuum,
395 1676 432 1705 e.
462 1676 502 1716 g.
553 1666 595 1703 Z
623 1665 728 1705 322:
777 1661 873 1711 τόξ’
907 1661 1115 1720 ἆφῶντα,
1166 1668 1217 1706 Η
1244 1666 1326 1705 214
1357 1662 1632 1718 εἷςοριῦντες,

135 1732 173 1771 θ
203 1731 280 1772 561
316 1728 584 1782 ἐκπερῶσιν,
616 1744 638 1770 o
669 1731 753 1771 456
782 1727 1058 1783 ἓμπολῶντο.

250 1795 382 1837 Porro
413 1794 514 1847 quid
545 1794 600 1837 de
628 1794 697 1837 his
727 1795 920 1838 versibus
951 1795 1170 1838 dicemus?

191 1889 232 1926 Γ
271 1888 346 1927 43;
380 1876 414 1941 ἧ
438 1874 526 1926 πῖ)
558 1869 829 1939 ffii‘allffcff
843 1871 971 1942 11131ρῖ
995 1871 1221 1939 -ἷομῌιῦῖτῖς
1255 1870 1441 1936 ᾖχίἶοί-

390 1966 457 1972 ——.
485 1959 613 1973 gy....j-
650 1960 729 1988 γυ
767 1968 857 1990 ——3
862 1961 927 1989 3⁹
967 1963 1087 1989 ul—
1120 1962 1255 1986 V—-„
1295 1960 1323 1973 υ

190 1978 350 2019 H448:
383 1977 461 2029 οὐχ
492 1972 613 2032 ὁρᾷς,
646 1974 714 2018 ὅτι
746 1975 771 2018 ὁ
824 1993 927 2020 avve
964 1994 1076 2034 καρῇ.1
1109 1990 1336 2030 κομωντες
1362 1960 1541 2029 ’ᾎχᾶιοῖ

228 2088 252 2129 ¹)
266 2086 369 2131 Quod
392 2087 550 2132 linguam
567 2098 646 2122 cum
663 2098 782 2123 rerum
797 2092 928 2122 natura
951 2087 990 2123 in
1011 2088 1162 2122 materia
1176 2085 1467 2121 transformanda
1491 2086 1628 2121 nullam

134 2142 292 2175 atomum
305 2141 488 2176 amittente
502 2144 696 2186 comparat,
722 2141 754 2177 ei
772 2141 985 2187 adstipulari
1006 2152 1078 2177 non
1096 2152 1254 2186 possum.
1293 2140 1349 2175 Ea
1368 2139 1461 2175 enim
1473 2139 1630 2175 maxima

134 2196 189 2228 est
212 2193 429 2237 differentia,
455 2195 568 2239 quod,
602 2205 684 2230 cum
707 2195 744 2230 in
767 2198 920 2230 naturae
943 2196 1193 2240 progressione
1217 2195 1305 2230 nihil
1329 2195 1526 2237 amittatur,
1559 2195 1627 2229 lin-

132 2257 223 2291 guae
246 2249 449 2293 progressio
474 2259 515 2284 eo
540 2249 765 2293 potissimum
786 2249 839 2293 fit,
863 2254 903 2284 ut
924 2260 946 2284 a
966 2249 1127 2295 pristinis
1147 2248 1271 2285 formis
1286 2247 1422 2293 aliquid
1443 2252 1478 2282 et
1499 2259 1626 2283 rursus

133 2300 269 2346 aliquid
292 2302 455 2338 dematur
485 2302 592 2348 atque
616 2303 852 2339 oblitteretur.
900 2303 957 2338 Ea
987 2314 1067 2339 vero
1095 2314 1206 2339 causa
1228 2305 1284 2338 est
1312 2301 1411 2336 haud
1433 2301 1627 2345 levissima,

133 2365 204 2399 qua
227 2356 423 2402 adigamur,
447 2359 488 2392 ut
510 2357 711 2401 linguarum
735 2357 960 2403 disciplinam
983 2369 1055 2393 non
1078 2356 1255 2403 physiciS,
1281 2355 1344 2391 sed
1366 2355 1560 2399 historicis,
1585 2359 1628 2392 ut

132 2408 183 2443 ita
207 2409 341 2455 dicam,
375 2411 570 2456 disciplinis
594 2411 878 2448 adnumeremus.
928 2412 1054 2457 Itaque
1086 2412 1117 2448 si
1147 2412 1253 2455 longa
1284 2409 1418 2445 vocalis
1450 2421 1530 2445 cum
1555 2411 1628 2447 alia

133 2461 238 2507 longa
260 2466 316 2500 vel
339 2465 439 2501 brevi
463 2465 707 2506 contrahitur,
731 2476 805 2501 non
828 2466 950 2502 existit
972 2466 1105 2502 vocalis
1127 2465 1265 2509 longior
1288 2474 1395 2509 quam
1418 2465 1536 2510 longa,
1563 2465 1626 2501 sed

133 2526 205 2551 una
234 2517 353 2563 longa.
400 2519 594 2555 Praeterea
626 2519 801 2555 immerito
825 2519 980 2555 Sonnius
1013 2518 1197 2556 contendit
1228 2516 1370 2562 ὁρῶντο
1395 2522 1432 2554 et
1464 2517 1627 2563 ὁρᾶσθαι

133 2570 266 2616 aliquid
301 2573 481 2609 amisisse:
530 2578 566 2609 et
602 2576 685 2610 ante
722 2577 757 2610 et
792 2576 875 2620 post
910 2572 1194 2609 contractionem
1229 2572 1322 2609 duae
1365 2576 1452 2610 sunt
1485 2583 1625 2609 morae:

832 2624 857 2641 υ.)

139 2635 149 2646 (
178 2625 238 2639 νυ
332 2640 342 2651 e
366 2628 426 2642 νυ
615 2641 624 2652 t
659 2626 684 2642 w
794 2641 803 2653 t

133 2650 301 2684 οραοντο,
327 2645 506 2687 οραεσθαι
535 2663 580 2668 —-
610 2654 761 2687 ορωντο,
788 2645 958 2687 ορασθαι.

1284 2700 1354 2733 10*
