1803 3230
164 276 182 313 1
190 273 244 314 68
831 273 1006 321 Mangold

157 391 344 446 priorem
382 390 577 434 vocalem
618 390 873 446 corripiunt,
926 391 1079 445 quasi
1119 390 1498 447 productionis
1537 404 1668 435 onus

158 457 222 500 ab
263 457 361 498 hac
401 456 645 499 ablatum
684 458 967 511 proximae
1004 457 1185 500 vocali
1225 456 1540 511 injungunt:
1590 457 1667 499 ita-

159 534 241 576 que
270 520 434 565 formae
466 521 658 565 existunt
687 521 933 578 βασιλέως,
964 521 1174 577 βασιλέᾶ,
1205 522 1427 577 βασιλέων
1465 521 1601 577 (cujus
1631 537 1666 564 ω

157 602 245 631 non
274 587 462 643 amplius
500 588 680 643 produci
718 592 890 643 potest).
949 589 1046 632 Jam
1078 588 1113 631 si
1141 593 1256 631 recte
1284 589 1400 632 illius
1429 587 1668 649 affectionis

157 656 315 696 natura
335 656 402 696 est
423 652 614 710 definita,
636 653 912 710 intellegitur,
944 653 1051 696 nihil
1077 653 1261 705 obstare,
1293 654 1517 709 quominus
1538 653 1667 697 etiam

159 735 221 761 ωο
253 718 300 761 in
332 735 411 773 ow,
443 719 503 761 ᾶᾶ
531 720 577 763 in
608 720 667 762 ἇᾶ
695 720 848 762 mutari
878 732 1005 774 posse
1037 718 1273 763 credamus.
1323 720 1410 764 Sed
1439 725 1484 762 ut
1513 719 1667 763 certius

157 784 241 827 hac
272 783 327 828 de
356 797 404 827 re
428 784 639 839 judicium
670 784 782 828 ferre
819 784 1052 840 possimus,
1098 785 1298 841 exempla
1335 790 1434 829 sunt
1471 787 1669 828 accurate

158 848 409 906 colligenda
438 849 808 906 disponendaque.

275 916 332 958 Et
360 916 544 969 primum
575 915 748 969 quidem
778 916 907 968 longe
936 914 1282 969 frequentissima
1307 920 1371 959 est
1393 929 1445 959 ea
1474 916 1667 969 mutatio,

161 993 247 1036 qua
285 993 339 1025 ex
369 988 422 1022 ᾶο
463 978 508 1022 fit
539 995 613 1023 εω.
626 979 672 1036 ¹⁷)
733 979 851 1022 Haec
890 979 983 1034 jam
1023 980 1140 1035 apud
1179 980 1408 1023 Homerum
1453 980 1670 1024 invenitur

159 1047 205 1089 in
235 1046 394 1088 nomin.
425 1059 569 1100 propr.
600 1045 645 1087 in
676 1049 785 1094 -ᾶος
816 1045 1070 1087 exeuntibus
1099 1067 1155 1073 —
1175 1045 1454 1100 imprimis-in
1476 1045 1537 1089 eis
1557 1058 1668 1100 quae

160 1125 252 1155 cum
298 1108 407 1161 λᾱός
449 1109 686 1166 composita
731 1114 852 1164 sunt,
904 1121 1162 1165 quamquam
1203 1109 1388 1166 simplex
1432 1124 1517 1154 vox
1560 1109 1668 1163 λᾶός

158 1190 376 1231 nunquam
407 1175 524 1231 apud
555 1187 652 1218 eum
684 1175 797 1218 hanc
827 1174 1105 1219 mutationem
1135 1176 1297 1230 patitur
1322 1200 1377 1206 -—
1408 1189 1444 1219 e.
1466 1190 1508 1232 g.
1543 1173 1670 1232 Ἀγέ-

158 1242 272 1292 λεως
299 1258 327 1295 χ
353 1243 444 1283 131.
478 1241 575 1293 247,
606 1240 850 1297 Πηνέλεως
881 1243 922 1282 Β
945 1241 1040 1294 494,
1073 1242 1224 1294 P597,
1259 1238 1507 1297 Ἀκρόνεως
1527 1245 1565 1284 θ
1589 1245 1661 1285 111

157 1321 234 1363 pro
260 1304 470 1363 Ἀγέλᾶος
500 1309 581 1349 cet.
626 1305 735 1349 Item
765 1305 810 1348 in
839 1304 947 1349 Iade
977 1310 1020 1349 et
1048 1307 1224 1349 nomina
1251 1306 1426 1362 propria
1446 1311 1488 1350 et
1507 1308 1668 1362 appell.

159 1387 240 1417 usu
269 1372 450 1415 veniunt
482 1370 685 1423 (Bredov.
718 1370 758 1413 d.
792 1370 832 1413 d.
864 1370 1023 1414 Herod.
1060 1373 1138 1414 137
1159 1384 1251 1426 sqq.
1286 1373 1379 1414 169.
1411 1374 1511 1421 249)
1541 1371 1668 1424 λεώς,

158 1437 418 1488 Μενέλεως,
454 1433 767 1492 Ἀρκεσίλεως,
798 1434 952 1489 ἵλεως,
985 1433 1250 1492 ἀξιόχρεως,
1284 1436 1499 1491 δίμνεως,
1540 1443 1669 1492 atque

156 1504 202 1546 in
230 1501 432 1546 Atthide:
482 1499 617 1552 λεώς,
649 1499 777 1551 νεώς,
809 1497 1033 1556 ἀνώγεων,
1065 1500 1198 1552 ἵλεως
1236 1502 1329 1545 sim.
1362 1507 1405 1545 et
1434 1503 1671 1558 composita

157 1581 252 1611 cum
282 1566 457 1611 nomine
486 1570 544 1624 γῆ
573 1565 694 1610 velut
721 1564 969 1622 μεσόγεως,
999 1562 1207 1622 ὑπόγεως
1238 1570 1278 1617 (e
1307 1582 1471 1623 -γαιος,
1502 1568 1667 1625 -γᾶῃός,

157 1638 320 1690 -γᾰος),
351 1645 462 1688 quae
490 1632 545 1675 ab
577 1631 721 1675 ionica
750 1631 935 1675 dialecto
965 1635 1067 1675 sunt
1095 1631 1390 1687 abjudicanda
1419 1633 1559 1684 (Bred.
1582 1635 1610 1677 l.
1633 1648 1668 1678 c.

162 1701 242 1742 139
274 1711 335 1753 sq.
376 1697 483 1741 Lob.
522 1696 580 1740 ad
620 1696 782 1752 Phryn.
814 1699 927 1747 298).
1001 1697 1233 1741 Praeterea
1280 1697 1397 1753 apud
1437 1698 1669 1742 Homerum

157 1763 523 1809 substantivorum
561 1761 726 1818 primae
755 1761 863 1806 decl.
894 1762 938 1805 in
968 1778 1046 1820 -ης
1074 1763 1265 1818 genetivi
1294 1764 1340 1806 in
1371 1766 1422 1806 ᾶο
1453 1764 1670 1808 alternant

157 1843 252 1873 cum
282 1829 430 1872 formis
459 1828 504 1870 in
534 1844 641 1871 -εω;
688 1826 948 1884 Πηλιάὸεω,
977 1825 1219 1883 Ἀτρείὸεω
1251 1829 1360 1883 sim.,
1391 1829 1544 1883 quibus
1573 1842 1671 1872 con-

157 1897 322 1939 stanter
351 1893 483 1937 utitur
512 1892 757 1937 Herodotus
789 1891 932 1940 (Bred.
963 1893 992 1936 l.
1024 1906 1059 1937 c.
1091 1895 1173 1936 217
1204 1898 1309 1950 sq.)‚
1341 1908 1435 1938 cum
1466 1894 1596 1938 Attici
1624 1894 1669 1938 in

156 1961 224 2005 his
256 1960 428 2016 quidem
458 1959 672 2013 genetivis
710 1958 947 2001 formandis
984 1959 1164 2001 multum
1202 1960 1258 2003 ab
1289 1960 1476 2003 Homero
1515 1959 1671 2004 disces-

157 2025 303 2069 serint.
354 2023 562 2068 Herodoti
583 2028 726 2068 autem
757 2023 932 2080 propria
961 2027 1061 2068 sunt
1090 2024 1220 2069 haec:
1253 2022 1552 2081 Ἀμυθέωνος,
1588 2029 1670 2070 Φι-

157 2093 315 2144 λέωνα,
348 2089 552 2141 ὀπέωνες
582 2104 660 2146 pro
693 2082 981 2144 Ἀμυθάονος
1012 2095 1092 2134 cet.

255 2262 295 2298 ¹⁷)
333 2264 375 2294 ᾶο
408 2260 565 2305 primum
596 2260 634 2295 in
668 2273 709 2301 ηο
741 2260 929 2296 transiisse
954 2260 1073 2296 credo.
1120 2260 1177 2295 Ad
1201 2260 1353 2296 eandem
1376 2259 1592 2296 sententiam
1614 2259 1669 2295 in-

158 2315 295 2351 clinant
319 2314 469 2350 Ebelius
501 2314 546 2350 K.
573 2314 612 2349 Z.
637 2314 699 2356 VI,
724 2317 789 2349 219
825 2316 862 2349 et
892 2313 1114 2349 Dietrichius
1147 2314 1231 2349 ibid.
1256 2314 1302 2357 X,
1327 2316 1405 2356 439,
1445 2323 1537 2359 quae
1573 2316 1669 2350 certe

158 2380 199 2406 eo
224 2368 412 2415 probatur,
443 2368 540 2414 quod
563 2368 601 2404 in
625 2367 712 2406 Iade
745 2368 888 2413 quidem
913 2367 1021 2403 etiam
1045 2367 1069 2402 ἄ
1095 2372 1180 2404 ante
1205 2381 1223 2401 ο
1249 2371 1411 2403 mutatur
1433 2368 1470 2403 in
1496 2380 1528 2403 ει
1568 2366 1667 2413 ὁρέο-

158 2435 237 2469 μεν,
263 2421 428 2467 ὁρέοντες
452 2426 518 2458 cet.
544 2423 664 2467 (cujus
683 2422 893 2458 mutationis
917 2422 1019 2457 initia
1039 2422 1115 2467 jam
1139 2422 1237 2467 apud
1252 2422 1447 2457 Homerum
1471 2422 1668 2466 deprehen-

159 2477 311 2512 duntur:
340 2475 478 2519 ἤντεον,
503 2475 706 2522 μενοίνεον,
732 2475 801 2509 nisi
824 2476 914 2510 haec
940 2485 961 2509 a
984 2476 1102 2511 verbis
1127 2475 1163 2510 in
1189 2488 1253 2511 -εω
1279 2480 1365 2511 sunt
1389 2475 1593 2518 derivanda,
1620 2476 1666 2512 cf.

159 2530 241 2566 adn.
270 2533 335 2573 12).
383 2530 578 2567 Praeterea
609 2541 693 2566 vero
718 2529 818 2565 haud
849 2530 1106 2574 neglegendum
1139 2534 1211 2573 est,
1257 2530 1351 2575 quod
1382 2531 1420 2566 in
1452 2540 1495 2565 ea
1527 2541 1668 2576 quoque

158 2585 290 2630 lingua,
315 2584 353 2619 in
380 2595 449 2628 qua
468 2585 546 2620 sola
565 2585 689 2621 similis
703 2584 855 2620 mutatio
874 2583 1063 2628 invenitur,
1090 2593 1125 2620 eo
1150 2587 1218 2628 (ῡιι)
1244 2588 1280 2620 et
1306 2594 1343 2621 ea
1368 2586 1509 2620 tantum
1525 2589 1666 2620 mutan-

159 2644 221 2674 tur
244 2639 280 2674 in
297 2640 351 2683 jo,
369 2640 422 2683 ja,
449 2639 570 2684 itaque
588 2639 701 2676 eidem
726 2638 1020 2685 transpositionis
1039 2639 1129 2675 fines
1147 2639 1390 2676 constituendi
1407 2648 1486 2675 esse
1502 2638 1668 2675 videntur

158 2698 268 2740 atque
292 2693 330 2729 in
354 2704 484 2739 graeca
508 2694 640 2739 lingua,
666 2707 696 2730 v.
722 2695 819 2730 infra
844 2706 878 2739 p.
912 2697 984 2728 170.
