1803 3230
672 210 726 244 De
750 208 902 244 diectasi
925 208 1115 244 homerica.
1567 206 1644 244 155

265 325 332 366 Ad
379 326 559 367 alterum
603 329 745 366 autem
785 323 982 365 Corsseni
1025 322 1329 377 argumentum
1359 324 1465 366 haee
1508 323 1645 366 habeo

151 403 260 444 quae
309 389 605 445 respondeam.
665 388 850 430 Primum
901 401 993 430 eum
1034 388 1087 431 de
1126 388 1288 443 origine
1326 389 1551 431 verborum
1601 388 1646 429 in

152 464 248 497 -are'
272 461 423 512 agatur
453 455 822 507 examineturque,
863 468 964 496 num
995 458 1040 495 ut
1074 468 1226 508 graeca
1255 455 1299 496 in
1328 470 1416 495 -αω
1450 468 1473 497 e
1504 453 1646 496 verbis

150 522 195 565 in
223 522 375 579 ·aj‹imz‘
402 521 654 566 exeuntibus
685 519 932 575 prodierint,
964 534 1049 563 non
1071 520 1207 563 solum
1228 519 1451 562 verborum
1471 520 1515 562 in
1541 535 1645 568 -αω,

151 588 229 631 sed
259 588 389 631 etiam
418 587 642 629 verborum
673 586 717 627 in
747 601 850 636 -εω,
891 601 990 635 -οω,
1032 585 1159 637 -αζω,
1199 585 1322 636 -εζω,
1361 585 1477 636 -ιζω,
1519 585 1644 637 -οζω,

150 670 270 705 -αιω,
301 668 418 704 -ειω,
450 667 568 703 -οιω,
601 664 710 705 quae
731 650 874 693 omnia
895 664 947 694 ex
974 650 1123 694 eodem
1154 650 1270 693 fonte
1298 650 1507 705 fluxerint⁷
1539 651 1646 693 ratio

150 718 351 761 habenda
396 722 473 760 est.
545 718 600 759 Et
646 717 681 759 si
727 717 994 759 inveniemus
1040 717 1277 759 istiusmodi
1326 717 1477 769 verba,
1537 729 1647 770 quae

151 784 279 827 etiam
310 783 364 825 ab
396 782 548 826 eadem
579 782 710 836 stirpe
741 781 938 833 derivata¹
965 782 1049 824 sint
1086 795 1136 824 ae
1175 782 1310 824 latina
1344 782 1389 824 in
1426 795 1537 831 -are‚
1581 781 1647 823 his

149 862 316 904 quoque
348 847 726 902 demonstrabitur,
767 848 946 891 latinum
977 862 1045 889 -ao
1077 861 1131 891 ex
1159 848 1309 904 vjffmz'
1336 847 1543 902 originem
1574 846 1647 889 du-

149 927 258 958 eere.
317 915 457 968 Atque
495 914 610 956 haud
650 927 788 968 pauca
825 918 924 956 sunt
970 915 1103 956 verba
1140 915 1275 956 latina
1319 914 1364 955 in
1402 927 1491 967 -ao,
1539 925 1647 966 quae

149 980 314 1035 graecis
342 980 463 1021 initio
494 979 538 1021 in
569 979 718 1034 -aja‘mz'
747 978 1041 1022 desinentibus
1081 979 1209 1021 etiam
1248 993 1274 1021 a
1305 979 1435 1034 stirpe
1473 992 1647 1033 respon-

150 1045 294 1088 deant.
354 1043 599 1097 Cujusmodi
640 1045 686 1085 L.
729 1044 927 1098 Meyerus
965 1044 1029 1095 ΙΙ,
1063 1047 1086 1085 5
1121 1058 1211 1097 sqq.
1261 1049 1430 1099 praeter
1479 1043 1643 1089 bovam,

150 1123 335 1157 comare,
383 1123 548 1157 cacare,
602 1122 710 1163 quae
748 1109 864 1151 haud
894 1109 981 1151 seio
1011 1123 1069 1151 an
1100 1109 1350 1153 Corssenius
1380 1108 1590 1151 immerito
1622 1121 1645 1151 e

149 1188 302 1229 graeeo
334 1188 527 1218 sermone
548 1176 757 1217 translata
778 1175 1045 1229 existimetss),
1077 1175 1185 1217 haee
1205 1175 1348 1217 affert:
1381 1188 1484 1214 arao
1508 1171 1643 1227 ἀρόω,

151 1241 268 1282 caluo
299 1240 455 1293 καλέω,
487 1241 616 1281 luoeao
637 1238 795 1293 λοξόω,
828 1239 937 1294 liquo
958 1238 1101 1295 λυγόω
1125 1238 1333 1295 (λυγίζω),
1364 1253 1496 1279 novar)
1519 1237 1644 1281 νεόω.

264 1305 426 1357 Quibus
456 1305 660 1348 addenda
690 1310 801 1359 sunt,
834 1319 943 1359 quae
972 1306 1087 1348 faeili
1117 1306 1289 1360 negotio
1319 1305 1480 1355 inveni,
1511 1305 1573 1347 ita
1602 1310 1648 1347 ut

149 1385 235 1414 non
265 1371 475 1423 dubitem,
515 1371 616 1425 quin
648 1369 895 1425 diligentius
925 1371 1209 1425 perscrutanti
1239 1371 1373 1414 etiam·
1398 1372 1484 1413 alia
1514 1371 1648 1412 multa

149 1442 389 1479 occurrant:
421 1439 506 1477 itao
538 1434 681 1477 *ἰτάω
714 1434 909 1492 (ἰτητέον
930 1437 1001 1478 Ar.
1024 1436 1135 1478 Nub.
1163 1439 1255 1490 131,
1288 1436 1512 1492 ἐξιτητέον
1536 1437 1645 1479 Xen.

150 1502 274 1544 Mem.
304 1502 346 1556 I,
383 1506 426 1555 1,
462 1505 549 1555 14),
600 1501 705 1541 libao
745 1500 988 1555 λοιβάομαι
1018 1501 1204 1557 Hesych.
1245 1500 1475 1557 (λιβάζω),
1528 1502 1646 1542 dicao

150 1566 340 1619 δικάζω,
386 1567 513 1621 seluo
559 1564 765 1622 θηλάζει),
818 1566 966 1607 turbao
1006 1565 1230 1621 τυρβάζει),
1281 1581 1439 1621 yravao
1482 1570 1646 1621 βαρέω,

144 1633 266 1686 pz‘sao
306 1631 517 1687 πιέζω9),
558 1631 693 1686 juyao
734 1630 875 1685 ζυγόω
916 1631 1108 1687 (ζυγέω),
1160 1632 1277 1673 levao
1311 1631 1467 1683 λειόω,
1519 1633 1648 1686 ε’-9ηο-

241 1814 265 1853 ⁸)
301 1814 428 1846 bovare
459 1822 530 1846 non
556 1822 633 1847 esse
658 1811 873 1846 translatum
902 1822 943 1846 eo
974 1811 1162 1856 probabile
1186 1811 1244 1853 fit,
1274 1811 1369 1856 quod
1394 1811 1502 1845 etiam
1529 1813 1646 1845 Iao-ere

149 1868 356 1911 usurpatur.
411 1864 644 1901 Aufrechtius
669 1865 712 1900 K.
737 1865 775 1899 Ζ.
801 1865 827 1910 Ι,
856 1868 919 1901 190
946 1876 997 1910 sq.
1032 1869 1067 1900 et
1099 1865 1188 1900 haee
1219 1865 1327 1900 verba
1358 1866 1394 1900 et
1423 1875 1553 1910 graeca
1588 1876 1643 1900 re-

85 1916 93 1924 ”
150 1920 362 1965 spondentia
385 1919 431 1954 ad
454 1920 530 1954 rad.
553 1932 620 1963 gu·
644 1924 806 1962 revocat,
843 1920 893 1954 ita
922 1923 963 1955 ut
991 1921 1084 1954 inter
1108 1918 1207 1962 βοάω
1234 1923 1269 1954 et
1292 1918 1393 1963 γοάω
1419 1920 1518 1954 initio
1546 1921 1645 1954 nulla

148 1973 350 2010 differentia
372 1973 622 2008 intercesserit.
673 1973 724 2008 Of.
753 1973 850 2007 Ourt.
875 1974 932 2007 El.
959 1974 1018 2008 Et.
1048 1977 1123 2008 435.
1163 1985 1289 2006 cacare
1312 1974 1501 2017 quominus
1525 1978 1644 2009 trans-

149 2029 261 2064 latum
283 2029 460 2072 putemus,
486 2027 713 2062 multitudine
738 2027 977 2063 derivatorum
1001 2027 1223 2073 impedimur,
1257 2027 1358 2062 Curt.
1388 2030 1461 2062 133.

242 2082 267 2125 9)
292 2081 420 2116 Fiekio
447 2080 546 2124 „Vg1.
573 2081 680 2115 Wb.“
709 2084 770 2114 125
797 2081 857 2121 (ef.
885 2084 985 2123 995),
1011 2082 1072 2125 qui
1095 2081 1203 2120 πιέζω
1229 2092 1248 2116 e
1273 2081 1500 2124 *mo-ad-jw
1527 2086 1646 2117 ortum

150 2136 343 2178 existimat,
367 2134 578 2179 adstipulari
591 2146 662 2170 non
684 2146 842 2179 possum,
867 2135 951 2180 quia
966 2146 984 2170 e
1006 2136 1132 2179 *pis-d
1154 2135 1214 2170 illo
1241 2139 1322 2176 (scr.
1340 2136 1530 2180 pidujamz')
1556 2147 1645 2180 quo-

150 2190 257 2226 modo
282 2189 415 2234 *pisad
433 2187 507 2230 fiat,
533 2199 604 2223 non
626 2188 843 2233 intellegitur
864 2194 971 2234 atque
995 2189 1207 2234 praesertim
1230 2189 1313 2234 quia
1328 2201 1346 2226 e
1360 2190 1485 2225 formis
1501 2202 1645 2234 πεπιεγ-

149 2245 277 2289 μένος,
310 2243 421 2283 πὶεξις
443 2243 489 2278 al.
515 2246 681 2291 apparet,
715 2242 753 2278 in
777 2244 890 2284 πιέζω
916 2244 1034 2289 priore
1057 2247 1218 2290 tempore
1235 2246 1259 2288 j
1281 2245 1435 2290 viguisse
1460 2244 1519 2286 (ef.
1548 2244 1644 2280 Curt.

150 2300 207 2334 El.
227 2300 293 2334 Et.
312 2300 405 2340 561).
453 2298 545 2332 Nam
568 2308 651 2332 vera
675 2300 712 2332 et
735 2299 889 2343 pristina
907 2299 938 2341 δ,
964 2300 1122 2344 exceptis
1148 2299 1358 2343 quibusdam
1382 2299 1484 2334 verbi
1507 2299 1645 2339 καθίζω

149 2353 286 2396 formis,
318 2361 408 2399 quae
440 2351 535 2397 apud
559 2351 743 2387 bucolicos
774 2352 953 2397 leguntur,
988 2353 1026 2388 in
1058 2352 1274 2398 gutturalem
1306 2363 1378 2388 non
1408 2354 1496 2389 abit.
1538 2354 1646 2394 πιέζω

151 2407 257 2452 igitur
281 2418 300 2443 e
325 2407 520 2451 *pisajamz‘
543 2405 678 2441 factum
703 2408 767 2442 est.
816 2407 874 2443 Ex
898 2407 1064 2452 analogia
1089 2412 1289 2443 ceterorum
1313 2418 1343 2442 e.
1369 2419 1401 2452 g.
1427 2408 1528 2444 verbi
1553 2423 1647 2455 φορ-

151 2459 235 2501 τίζω
260 2472 326 2507 pro
350 2462 546 2505 *cpont-sym
580 2459 751 2501 (Grassm.
777 2461 821 2496 K.
846 2462 886 2497 Z.
911 2462 973 2504 XI⁷
999 2465 1054 2503 96)
1080 2472 1102 2496 a
1126 2462 1304 2496 substant.
1333 2463 1476 2507 φόρτος
1499 2464 1646 2499 derivati

150 2515 432 2560 exspectandum
458 2517 546 2555 erat,
578 2525 599 2550 a
624 2518 760 2553 *πισος
783 2515 976 2551 formatum
1001 2517 1133 2559 *mejw
1158 2516 1264 2560 idque
1298 2517 1335 2550 in
1361 2518 1496 2556 *πιιζω
1529 2522 1647 2553 muta-

149 2572 226 2605 tum
260 2570 318 2614 iri;
357 2568 420 2605 sed
452 2568 735 2605 dissimulatione
768 2570 824 2605 vel
855 2570 975 2615 potius
1012 2569 1290 2605 assimulationis
1327 2570 1471 2606 fastidio
1510 2574 1645 2616 *mfjw

150 2624 238 2659 abiit
260 2624 298 2659 in
321 2624 430 2663 πιέζω
456 2622 518 2667 (cf.
545 2627 695 2668 societas
719 2635 784 2670 pro
809 2627 979 2667 sociitas).
1027 2624 1183 2660 Doricae
1207 2625 1309 2667 (Ahr.
1330 2628 1406 2661 116»
1431 2629 1468 2661 et
1492 2626 1647 2672 vulgaris
