1803 3230
686 212 749 247 De'
765 211 915 247 diectasi
938 212 1127 247 homerica.
1579 212 1655 253 181

272 327 552 371 Confirmatur
581 340 678 370 mea
708 318 922 371 sententia
947 342 1009 381 eo,
1042 329 1155 382 quod
1185 343 1270 371 non
1302 331 1438 372 solum
1470 332 1658 373 severior

157 393 303 448 Doris,
345 393 422 438 sed.
453 393 580 437 etiam
611 392 752 436 mitior
782 393 1008 437 verborum
1039 394 1084 436 in
1115 409 1199 435 -οω
1230 395 1408 449 praebet
1437 395 1657 439 indicativi

155 459 333 501 formam
365 463 576 514 στεφανῴ
608 459 725 506 (Ahr.
758 459 847 500 dor.
880 461 1000 512 310),
1037 473 1145 512 quae
1177 474 1200 502 e
1230 460 1532 515 *otfflfavoeu
1564 468 1658 504 orta

156 533 249 568 esse
280 538 365 567 non
397 527 558 579 potest3
600 535 624 566 e
655 526 964 580 *στεφανοητι
993 523 1134 578 potius
1165 523 1401 567 derivanda
1431 531 1514 580 est,
1546 528 1657 569 sicut

155 591 451 645 conjunctivus
489 593 611 644 πριῴ
650 604 676 632 a
716 593 935 645 *πριοητι
973 589 1177 643 originem
1220 589 1344 633 ducit.
1415 592 1525 635 Nam
1556 608 1657 648 quo-

153 655 293 697 minus
325 657 534 709 στεφανῴ
568 666 591 695 θ
621 657 935 711 *στεφανωετι
964 655 1121 696 factum
1154 667 1247 696 esse
1277 659 1422 708 putem
1455 656 1517 710 (ut
1538 658 1655 699 infin.

153 721 241 762 mit.
283 718 456 762 D'oridis
496 724 731 775 στεφανῶν
772 734 794 763 θ
829 718 1124 777 *στεφανωεν
1166 726 1207 764 et
1236 720 1426 764 Atthidis
1467 722 1599 778 ῥιγῶν
1632 738 1655 767 θ

154 785 346 841 *ῥιγωεν
379 784 640 828 derivandus
671 784 769 840 est),
802 798 870 828 me
893 786 1072 842 impedit
1093 799 1186 828 cum
1217 786 1411 840 paucitas
1442 790 1656 842 exemplo-

152 864 258 904 rum,
290 863 399 906 quae
419 851 614 894 vocalem
636 851 885 906 productam
906 853 1155 907 praebeant⁷
1187 851 1237 894 cf.
1260 866 1301 906 p.
1329 854 1403 895 161
1429 866 1535 907 sqq.,
1569 860 1656 896 tum

151 916 353 971 analogia
401 920 634 959 ceterarum
685 930 985 972 personarum,
1037 931 1158 972 quae,
1206 931 1298 959 cum
1343 918 1388 960 in
1432 919 1521 960 mit.
1553 920 1656 961 Dor.

151 984 421 1035 μισθοῦμες,
452 985 691 1035 μισθοῦτε,
722 987 968 1036 μισθοῦντι
1000 989 1165 1037 sonent,
1199 983 1252 1025 (le
1283 983 1489 1036 producta
1520 1001 1543 1026 0
1576 999 1656 1028 nos

152 1047 338 1102 cogitare
367 1060 454 1089 non
484 1047 639 1089 sinant.

263 1113 361 1155 Jam
398 1117 445 1154 ut
473 1114 536 1155 rei
566 1127 773 1157 summam
810 1113 1191 1168 comprehendam:
1242 1114 1351 1156 alias
1390 1114 1547 1157 formas
1588 1129 1653 1158 as-

121 1212 126 1216 .
150 1177 371 1221 simulatas
415 1189 438 1219 e
481 1178 706 1220 verborum
760 1183 1089 1231 contractorum,
1148 1178 1258 1221 alias
1312 1192 1366 1221 ex
1411 1179 1653 1222 homericae
1705 1225 1707 1228 ,

150 1243 291 1299 poesis
321 1241 500 1287 historia
528 1248 656 1298 atque
686 1256 913 1300 progressu
944 1242 1225 1298 explicandas
1256 1256 1349 1287 esse
1379 1257 1545 1288 censeo.
1597 1246 1652 1288 Et

151 1324 407 1365 quamquam
437 1324 524 1352 non
553 1309 724 1363 ignoro,
766 1311 810 1351 in
844 1310 926 1351 hae
956 1323 1122 1362 quoque
1153 1309 1365 1352 sententia
1396 1310 1654 1353 dubitationi

150 1378 290 1419 locum
314 1375 459 1419 datum
478 1387 584 1428 esse,
607 1379 735 1428 atque
755 1375 984 1429 praecipue
1006 1375 1250 1429 opinionem
1272 1388 1411 1418 meam
1433 1375 1486 1418 de
1508 1375 1655 1419 formis

150 1443 195 1484 in
216 1456 336 1497 -αᾳς,
369 1456 452 1496 -αᾳ
481 1454 567 1481 non
598 1440 681 1482 nisi
713 1439 957 1482 dubitanter
987 1440 1177 1494 proferre
1200 1440 1357 1493 ausim,
1391 1445 1534 1483 tamen
1558 1454 1653 1483 eam

152 1519 367 1562 exponere
387 1505 518 1558 volui,
552 1518 646 1547 cum
676 1505 912 1547 minoribus
942 1505 1142 1547 laborare
1173 1504 1493 1548 difficultatibus
1525 1519 1653 1559 quam

150 1576 320 1615 ceterae
342 1584 502 1624 omnes,
535 1583 643 1624 quae
673 1570 834 1624 publici
859 1570 969 1624 juris
989 1570 1128 1611 factae
1154 1575 1263 1623 sunt,
1295 1570 1400 1611 mihi
1422 1571 1655 1614 videretur.

762 1747 928 1798 CAPUT
973 1749 1036 1799 V.

149 1862 249 1915 QUI
287 1861 521 1905 FAGTUM
569 1860 672 1914 SIT,
723 1861 803 1904 UT
841 1862 906 1904 IN
945 1861 1297 1905 CARMINIBUS
1337 1861 1653 1906 HOMERIOIS

149 1930 224 1971 ET
263 1927 558 1970 INTEGRAE
599 1927 673 1968 ET
711 1926 1117 1969 ASSIMULATAE
1157 1928 1231 1969 ET
1269 1926 1650 1971 CONTRACTAE

112 1994 118 2001 “
563 1988 795 2034 FORMAE
830 1991 1229 2035 USURPENTUR.

261 2095 366 2138 Utut
395 2107 495 2137 vero
532 2093 689 2136 formas
728 2093 1004 2136 assimulatas.
1039 2093 1325 2148 explicamus,
1369 2093 1450 2135 hoc
1488 2098 1650 2136 certum

148 2164 233 2213 est,
275 2173 348 2203 eas
398 2183 452 2189 -
502 2158 592 2201 sive
633 2153 853 2214 ὁρόωντα,
896 2154 1063 2213 ὁρόῳτε
1102 2158 1223 2201 initio
1263 2163 1515 2211 sonuerunt,
1557 2159 1650 2202 sive

149 2222 353 2282 ὃρόοντα,
410 2221 585 2280 ὁρόοιτε
633 2247 688 2254 -
737 2222 1014 2267 intermedias
1065 2235 1159 2267 esse
1208 2224 1319 2267 inter
1366 2223 1557 2278 integras
1607 2228 1651 2268 et

147 2296 407 2342 contractas,
452 2291 596 2343 itaque
625 2290 883 2333 recentiores
913 2302 1039 2343 quam
1068 2290 1190 2343 illas,
1236 2289 1489 2332 vetustiores
1520 2303 1649 2343 quam

146 2355 239 2398 has.
327 2355 408 2408 Qui
466 2358 608 2397 autem
676 2354 834 2397 factum
901 2358 986 2407 est,
1063 2358 1110 2396 ut
1164 2354 1209 2396 in
1265 2368 1350 2396 uno
1410 2353 1651 2409 eodemque

147 2421 334 2464 carmine
376 2425 461 2463 tres
503 2420 613 2463 istae
655 2420 817 2463 formae
855 2424 999 2463 aetate
1034 2419 1212 2461 multum
1255 2419 1365 2463 inter
1410 2433 1456 2463 se
1496 2420 1651 2464 disere-

146 2490 300 2540 pantes
365 2489 621 2540 usurpentur
640 2484 661 2527 ‘?
754 2484 950 2528 Eundem
1009 2484 1222 2527 hominem
1289 2485 1361 2528 vel
1430 2485 1648 2528 hominum

147 2551 363 2602 quandam
410 2551 657 2593 societatem
695 2550 740 2591 in
778 2562 974 2592 sermone
1013 2550 1179 2602 vulgari
1224 2562 1271 2591 re
1314 2563 1418 2592 vera
1461 2564 1648 2604 unquam

147 2614 329 2658 eandem
359 2629 508 2660 vocem
539 2619 581 2659 et
618 2614 799 2670 pristina
840 2614 975 2656 forma
1014 2618 1055 2657 et
1092 2614 1329 2658 recentiore
1359 2628 1413 2658 ex
1442 2615 1523 2658 hac
1554 2620 1650 2669 orta
