1803 3230
688 221 743 256 De
768 219 918 255 diectasi
942 219 1132 254 homerica.
1582 215 1655 254 175

275 338 429 380 Nostro
460 337 588 391 igitur
611 336 710 390 jure
740 333 1034 378 contendimus
1065 334 1294 377 infinitivos
1328 335 1372 376 in
1403 349 1510 375 -ααν
1542 332 1657 375 Curti

160 403 398 445 sententiae
436 416 575 456 neque
613 401 758 443 favere
796 412 935 453 neque
982 400 1170 450 obst-are,
1221 404 1348 453 atque
1386 399 1546 454 optime
1586 411 1657 441 eos

159 468 251 510 sola
281 468 601 511 assimulatione
632 477 685 509 'ex
716 465 816 507 -ἇεν
848 464 946 507 oriri
977 466 1178 519 potuisse.

517 625 589 667 De
621 624 805 667 formis
835 624 886 675 in
917 639 1078 666 -οωντ-
1111 628 1152 667 et
1182 640 1303 680 -oq)-.

273 730 433 771 Harum
464 728 689 769 formarum
722 724 961 782 (ὃρόωντα,
994 724 1180 782 ὁρόῳτε)
1220 724 1450 780 scriptura,
1495 731 1540 767 ut
1565 726 1654 779 jam

158 795 267 846 dixi,
318 807 404 836 non
434 793 582 835 nititur
611 793 655 835 in
686 792 809 835 metri
837 791 1110 845 necessi-tate,
1159 791 1240 835 sed·
1265 792 1357 835 sola
1395 790 1656 833 in-auctori·

156 864 245 902 tate
272 864 488 916 veterum.
547 859 642 910 Qua
682 859 736 900 de
773 871 903 900 causa
943 859 1029 900 Leo
1068 854 1653 912 Meye1·u*s‡non··dubitavit‚

157 939 232 980 pro
272 925 333 968 eis
364 925 520 967 formas
556 924 599 966 in
637 938 799 974 -οοντ-,
839 938 958 965 -οοι-
997 923 1193 966 scribere.-
1231 922 1530 976 <-Ratio*³ver07
1570 933 1655 976 qua

156 992 266 1034 hanc
316 991 566 1045 scripturam
616 988 916 1032 commendare
965 989 1126 1043 voluit,
1188 1003 1214 1031 a
1254 988 1505 1032 Dietrichio¹
1547 987 1655 1030 refu-

155 1061 245 1099 tata
280 1060 357 1099 est.
1026 1065 1029 1067 ’
1067 1064 1070 1066 ’
1233 1052 1237 1072 s
1365 1063 1369 1094 3

215 1120 217 1123 ’
269 1124 433 1164 Tamen
465 1121 552 1163 alia
582 1120 760 1164 fortasse
790 1120 955 1162 ratione
984 1116 1165 1174 probare
1197 1118 1450 1177 pot-erimus,
1475 1118 1653 1162 ‘formas

154 1188 198 1229 in
228 1202 378 1228 -οοντ-
409 1191 450 1228 et
479 1201 597 1227 -οοι-
627 1199 713 1227 non
743 1190 830 1226 tarn
860 1184 1024 1226 alienas
1045 1197 1138 1226 esse
1159 1184 1212 1225 ab
1244 1184 1393 1226 horum
1423 1185 1651 1226 verborum

154 1252 332 1295 historia
362 1264 488 1305 quam
519 1251 677 1305 putarit
707 1248 978 1293 Dietrich'ius.
1027 1249 1288 1302 Isomonuits
1306 1248 1485 1291 formam
1504 1246 1652 1305 Ι*ὁρο-

155 1333 262 1359 οντα
292 1315 533 1359 necessario
564 1316 775 1358 abituram
805 1315 936 1356 fuisse
964 1314 1008 1355 in
1048 1311 1276 1368 *ὁρουντα
1309 1325 1446 1368 neque
1477 1327 1579 1357 vero
1608 1315 1651 1357 in

155 1379 349 1438 ὁρῶντα,
390 1395 500 1435 quae
531 1395 584 1424 ex
616 1377 817 1436 ὁρόωντὰ
848 1384 1014 1422 tant-um
1046 1379 1144 1421 oriri
1174 1379 1394 1434 potuisset.
1456 1380 1542 1422 Sed
1573 1380 1653 1422 hac

154 1449 197 1490 in
236 1461 282 1490 re
319 1447 518 1490 assentiri
557 1459 654 1488 non>
682 1460 853 1501 possum
893 1445 987 1487 viro
1025 1444 1282 1487 doctissimo.
1343 1445 1500 1499 Magna
1522 1446 1651 1489 'enim

154 1517 218 1555 est
263 1511 505 1554 differentia
547 1512 656 1555 inter
703 1527 752 1553 00
792 1523 917 1553 veras
963 1510 1419 1565 pristinasque‘atque
1458 1511 1540 1553 'eas
1584 1527 1649 1563 00,

154 1591 264 1632 quae
292 1577 615 1621 assimulatione
645 1591 699 1620 ex
721 1593 783 1619 ‘cto
816 1576 907 1619 sive
937 1591 991 1617 οα
1021 1575 1160 1618 factae
1187 1572 1292 1618 sint.v
1345 1576 1455 1619 Illae
1485 1590 1653 1632 semper

152 1644 196 1686 in·
228 1660 278 1686 ov
310 1644 627 1694 contrahuntur,
665 1643 747 1686 hae
779 1654 947 1697 semper
975 1642 1034 1684 in'
1054 1658 1102 1683 ω.
1150 1640 1275 1694 :Quid
1303 1641 1405 1684 ita?
1434 1649 1436 1651 “
1464 1641 1512 1685 Si
1540 1648 1653 1686 recte

124 1738 128 1742 -
153 1710 337 1764 positum
359 1714 434 1760 est,
466 1715 511 1752 ut
533 1715 596 1752 est
621 1710 714 1752 sine
737 1709 878 1760 dubio,
911 1705 1243 1750 contractionem
1274 1708 1499 1762 imparium
1530 1722 1651 1751 voca-

151 1775 253 1816 lium
285 1774 607 1817 assimulatione
637 1775 905 1829 praeparari,
940 1771 991 1815 ea‘
1020 1777 1185 1814 tantum
1215 1772 1380 1815 ratione
1412 1786 1464 1815 ex
1495 1788 1549 1815 αο
1581 1775 1650 1816 vel

153 1856 207 1880 oa
238 1856 272 1880 ω
305 1839 394 1882 fieri
423 1844 575 1893 potest,
607 1846 652 1881 ut
682 1839 1005 1882 assimulatione
1035 1843 1152 1880 ortae
1184 1853 1233 1879 00
1265 1839 1309 1879 in
1328 1854 1364 1878 ω
1395 1839 1649 1880 contrahan-

150 1910 227 1946 tur.
289 1904 487 1955 Quodsi
528 1918 613 1946 non
653 1903 791 1957 fieret,
843 1919 896 1944 αο
930 1907 971 1945 et
1002 1918 1056 1943 οα
1096 1902 1265 1944 nonin
1297 1919 1353 1955 ω,
1405 1903 1481 1945 sed
1518 1903 1562 1945 in
1595 1920 1645 1945 ov

150 1970 449 2011 coalescerent.
879 2004 883 2009 .

264 2034 351 2078 Sed
395 2034 592 2088 exemplo
636 2039 742 2075 utar.
805 2032 928 2075 Vocis
970 2031 1126 2074 πειθώ
1171 2032 1437 2075 accusativus
1480 2032 1646 2087 integer

150 2105 274 2143 sonat
304 2103 521 2151 *neaeman
554 2113 577 2142 e
599 2113 679 2153 quo
710 2099 890 2154 primum
912 2098 1233 2141 assimulatione
1264 2097 1466 2140 *πειθοο
1488 2098 1645 2141 factum

143 2180 244 2210 esse
275 2167 563 2210 existimemus
593 2177 769 2207 necesse
800 2169 875 2215 est,
907 2169 951 2206 ut
982 2177 1034 2207 ex
1065 2159 1254 2218 ὁράοντο
1287 2161 1524 2219 *ὁροοντος
1557 2169 1644 2206 tum

151 2236 352 2274 *πειθοο
395 2230 657 2274 contrahitur
694 2230 738 2272 in
775 2228 951 2273 πειθώε
1002 2242 1095 2271 cum
1127 2242 1150 2272 e
1182 2229 1389 2271 contrario
1420 2230 1644 2282 genetivus

150 2296 389 2349 *πειθοος,
431 2297 550 2351 cujus
580 2300 759 2350 utraque
791 2311 813 2338 o
844 2308 947 2338 vera
977 2300 1019 2338 et
1048 2294 1227 2350 pristina
1258 2294 1331 2346 sit,
1372 2294 1415 2336 in
1446 2297 1645 2347 πειθοῦς

150 2363 373 2405 coalescat.
424 2363 575 2416 Neque
604 2375 704 2404 vero
737 2366 879 2404 exstat
908 2362 1040 2403 ullum
1072 2361 1325 2415 exemplum,
1358 2373 1440 2413 quo
1472 2361 1647 2404 demon-

149 2431 303 2469 stretur
333 2443 383 2469 00
417 2441 469 2470 ex
500 2443 554 2469 αο
586 2428 655 2469 vel
687 2443 741 2468 oa
773 2432 888 2469 ortas
917 2427 961 2468 in
992 2442 1041 2467 ου
1074 2425 1277 2468 contrahi.

263 2491 394 2548 Cujus
425 2493 487 2535 rei
518 2505 626 2546 quae
659 2491 712 2535 sit
742 2492 849 2534 ratio
881 2491 1128 2533 facillimum
1161 2495 1224 2533 est
1253 2490 1489 2534 intellectu.
1537 2509 1586 2534 00
1610 2493 1645 2535 si

148 2563 326 2612 utraque
358 2563 423 2601 est
443 2572 544 2600 vera
567 2564 608 2600 et
638 2558 829 2612 pristina,
861 2558 904 2599 in
926 2557 1041 2609 Iade,
1074 2556 1261 2609 Atthide,
1297 2557 1458 2600 Doride
1479 2559 1645 2601 mitiore

146 2623 190 2665 in
223 2638 271 2664 ov
304 2623 566 2677 coalescunt,
614 2623 713 2677 quia
751 2627 927 2676 utraque
965 2622 1008 2664 in
1050 2621 1134 2665 illis
1166 2621 1361 2667 dialectis
1399 2623 1514 2666 fusco
1547 2637 1645 2678 quo-
