<?xml version="1.0" encoding="UTF-8"?>
<!DOCTYPE html PUBLIC "-//W3C//DTD XHTML 1.0 Transitional//EN"
    "http://www.w3.org/TR/xhtml1/DTD/xhtml1-transitional.dtd">
<html xmlns="http://www.w3.org/1999/xhtml" xml:lang="en" lang="en">
 <head>
  <title>
</title>
<meta http-equiv="Content-Type" content="text/html;charset=utf-8" />
  <meta name='ocr-system' content='tesseract 3.04.00' />
  <meta name='ocr-capabilities' content='ocr_page ocr_carea ocr_par ocr_line ocrx_word'/>
</head>
<body>
  <div class='ocr_page' id='page_1' title='image "4627545_0050.png"; bbox 0 0 1803 3230; ppageno 0'>
   <div class='ocr_carea' id='block_1_1' title="bbox 178 276 1014 321">
    <p class='ocr_par' dir='ltr' id='par_1_1' title="bbox 178 276 1014 321">
     <span class='ocr_line' id='line_1_1' title="bbox 178 276 1014 321; baseline -0.005 -5"><span class='ocrx_word' id='word_1_1' title='bbox 178 278 192 315; x_wconf 86' lang='lat'>1</span> <span class='ocrx_word' id='word_1_2' title='bbox 203 277 226 316; x_wconf 77' lang='lat'>8</span> <span class='ocrx_word' id='word_1_3' title='bbox 233 277 254 315; x_wconf 87' lang='grc'>2</span> <span class='ocrx_word' id='word_1_4' title='bbox 842 276 1014 321; x_wconf 83' lang='lat' dir='ltr'>Mangold</span> 
     </span>
    </p>
   </div>
   <div class='ocr_carea' id='block_1_2' title="bbox 122 392 1711 2738">
    <p class='ocr_par' dir='ltr' id='par_1_2' title="bbox 168 392 1681 1298">
     <span class='ocr_line' id='line_1_2' title="bbox 171 392 1680 448; baseline -0.001 -11"><span class='ocrx_word' id='word_1_5' title='bbox 171 399 214 437; x_wconf 89' lang='lat' dir='ltr'>et</span> <span class='ocrx_word' id='word_1_6' title='bbox 247 392 542 437; x_wconf 88' lang='lat' dir='ltr'>recentissima</span> <span class='ocrx_word' id='word_1_7' title='bbox 573 405 626 435; x_wconf 84' lang='lat' dir='ltr'>ex</span> <span class='ocrx_word' id='word_1_8' title='bbox 657 393 895 437; x_wconf 78' lang='lat' dir='ltr'>recentiore</span> <span class='ocrx_word' id='word_1_9' title='bbox 927 398 1020 437; x_wconf 89' lang='lat' dir='ltr'>orta</span> <span class='ocrx_word' id='word_1_10' title='bbox 1055 392 1355 448; x_wconf 82' lang='lat' dir='ltr'>pronuntiasse</span> <span class='ocrx_word' id='word_1_11' title='bbox 1386 392 1563 446; x_wconf 81' lang='lat' dir='ltr'>cogitari</span> <span class='ocrx_word' id='word_1_12' title='bbox 1594 407 1680 435; x_wconf 89' lang='lat' dir='ltr'>non</span> 
     </span>
     <span class='ocr_line' id='line_1_3' title="bbox 172 458 1681 514; baseline -0.001 -12"><span class='ocrx_word' id='word_1_13' title='bbox 172 464 313 514; x_wconf 86' lang='lat' dir='ltr'>potest</span> <span class='ocrx_word' id='word_1_14' title='bbox 362 459 429 501; x_wconf 89' lang='lat' dir='ltr'>(cf.</span> <span class='ocrx_word' id='word_1_15' title='bbox 481 458 685 512; x_wconf 89' lang='lat' dir='ltr'>Leskien,</span> <span class='ocrx_word' id='word_1_16' title='bbox 738 459 952 502; x_wconf 85' lang='lat' dir='ltr'>Fleckeis.</span> <span class='ocrx_word' id='word_1_17' title='bbox 1003 460 1158 501; x_wconf 86' lang='lat' dir='ltr'>Annal.</span> <span class='ocrx_word' id='word_1_18' title='bbox 1209 461 1276 512; x_wconf 82' lang='lat'>95,</span> <span class='ocrx_word' id='word_1_19' title='bbox 1334 473 1375 513; x_wconf 89' lang='lat' dir='ltr'>p.</span> <span class='ocrx_word' id='word_1_20' title='bbox 1413 462 1462 509; x_wconf 85' lang='lat'>1).</span> <span class='ocrx_word' id='word_1_21' title='bbox 1542 459 1681 512; x_wconf 85' lang='lat' dir='ltr'>Atque</span> 
     </span>
     <span class='ocr_line' id='line_1_4' title="bbox 170 522 1680 579; baseline -0.001 -12"><span class='ocrx_word' id='word_1_22' title='bbox 170 538 226 567; x_wconf 91' lang='lat' dir='ltr'>ne</span> <span class='ocrx_word' id='word_1_23' title='bbox 263 524 309 565; x_wconf 87' lang='lat' dir='ltr'>id</span> <span class='ocrx_word' id='word_1_24' title='bbox 348 522 520 577; x_wconf 89' lang='lat' dir='ltr'>quidem</span> <span class='ocrx_word' id='word_1_25' title='bbox 561 524 768 578; x_wconf 87' lang='lat' dir='ltr'>suspicari</span> <span class='ocrx_word' id='word_1_26' title='bbox 806 525 927 579; x_wconf 92' lang='lat' dir='ltr'>licet,</span> <span class='ocrx_word' id='word_1_27' title='bbox 974 524 1188 566; x_wconf 88' lang='lat' dir='ltr'>hominem</span> <span class='ocrx_word' id='word_1_28' title='bbox 1231 524 1445 577; x_wconf 84' lang='lat' dir='ltr'>quendam</span> <span class='ocrx_word' id='word_1_29' title='bbox 1485 524 1680 566; x_wconf 90' lang='lat' dir='ltr'>consulto</span> 
     </span>
     <span class='ocr_line' id='line_1_5' title="bbox 168 588 1680 643; baseline -0.001 -11"><span class='ocrx_word' id='word_1_30' title='bbox 168 590 248 632; x_wconf 89' lang='lat' dir='ltr'>has</span> <span class='ocrx_word' id='word_1_31' title='bbox 317 588 475 630; x_wconf 89' lang='lat' dir='ltr'>formas</span> <span class='ocrx_word' id='word_1_32' title='bbox 535 588 593 631; x_wconf 85' lang='lat' dir='ltr'>ad</span> <span class='ocrx_word' id='word_1_33' title='bbox 659 594 921 633; x_wconf 88' lang='lat' dir='ltr'>vetustarum</span> <span class='ocrx_word' id='word_1_34' title='bbox 982 594 1110 643; x_wconf 88' lang='lat' dir='ltr'>atque</span> <span class='ocrx_word' id='word_1_35' title='bbox 1169 590 1426 632; x_wconf 89' lang='lat' dir='ltr'>abolitarum</span> <span class='ocrx_word' id='word_1_36' title='bbox 1487 603 1680 631; x_wconf 90' lang='lat' dir='ltr'>normam</span> 
     </span>
     <span class='ocr_line' id='line_1_6' title="bbox 170 654 1679 709; baseline 0.001 -13"><span class='ocrx_word' id='word_1_37' title='bbox 170 656 399 707; x_wconf 86' lang='lat' dir='ltr'>formasse,</span> <span class='ocrx_word' id='word_1_38' title='bbox 454 654 525 707; x_wconf 88' lang='lat' dir='ltr'>qui</span> <span class='ocrx_word' id='word_1_39' title='bbox 568 655 629 697; x_wconf 88' lang='lat' dir='ltr'>eis</span> <span class='ocrx_word' id='word_1_40' title='bbox 667 656 837 698; x_wconf 89' lang='lat' dir='ltr'>insertis</span> <span class='ocrx_word' id='word_1_41' title='bbox 887 668 1057 698; x_wconf 88' lang='lat' dir='ltr'>carmen</span> <span class='ocrx_word' id='word_1_42' title='bbox 1102 668 1222 697; x_wconf 90' lang='lat' dir='ltr'>suum</span> <span class='ocrx_word' id='word_1_43' title='bbox 1269 656 1492 697; x_wconf 87' lang='lat' dir='ltr'>vetustatis</span> <span class='ocrx_word' id='word_1_44' title='bbox 1536 655 1679 709; x_wconf 84' lang='lat' dir='ltr'>specie</span> 
     </span>
     <span class='ocr_line' id='line_1_7' title="bbox 172 720 1681 764; baseline -0.001 -2"><span class='ocrx_word' id='word_1_45' title='bbox 172 726 357 763; x_wconf 88' lang='lat' dir='ltr'>ornaret.</span> <span class='ocrx_word' id='word_1_46' title='bbox 419 720 533 762; x_wconf 86' lang='lat' dir='ltr'>Nam</span> <span class='ocrx_word' id='word_1_47' title='bbox 564 745 621 749; x_wconf 96' lang='lat'>-—</span> <span class='ocrx_word' id='word_1_48' title='bbox 651 726 696 762; x_wconf 93' lang='lat' dir='ltr'>ut</span> <span class='ocrx_word' id='word_1_49' title='bbox 727 722 918 763; x_wconf 90' lang='lat' dir='ltr'>omittam</span> <span class='ocrx_word' id='word_1_50' title='bbox 950 722 1060 763; x_wconf 86' lang='lat' dir='ltr'>hanc</span> <span class='ocrx_word' id='word_1_51' title='bbox 1091 721 1404 764; x_wconf 88' lang='lat' dir='ltr'>affectationem</span> <span class='ocrx_word' id='word_1_52' title='bbox 1436 735 1462 763; x_wconf 93' lang='lat' dir='ltr'>a</span> <span class='ocrx_word' id='word_1_53' title='bbox 1492 720 1681 762; x_wconf 88' lang='lat' dir='ltr'>moribus</span> 
     </span>
     <span class='ocr_line' id='line_1_8' title="bbox 168 785 1680 829; baseline 0 -2"><span class='ocrx_word' id='word_1_54' title='bbox 168 787 339 829; x_wconf 87' lang='lat' dir='ltr'>illorum</span> <span class='ocrx_word' id='word_1_55' title='bbox 380 786 600 827; x_wconf 88' lang='lat' dir='ltr'>hominum</span> <span class='ocrx_word' id='word_1_56' title='bbox 640 786 906 829; x_wconf 87' lang='lat' dir='ltr'>indoctorum</span> <span class='ocrx_word' id='word_1_57' title='bbox 958 800 1051 829; x_wconf 91' lang='lat' dir='ltr'>esse</span> <span class='ocrx_word' id='word_1_58' title='bbox 1100 786 1406 829; x_wconf 81' lang='lat' dir='ltr'>alienissimam</span> <span class='ocrx_word' id='word_1_59' title='bbox 1456 809 1511 814; x_wconf 92' lang='lat'>—</span> <span class='ocrx_word' id='word_1_60' title='bbox 1564 785 1680 827; x_wconf 86' lang='lat' dir='ltr'>unde</span> 
     </span>
     <span class='ocr_line' id='line_1_9' title="bbox 168 851 1681 907; baseline -0.001 -14"><span class='ocrx_word' id='word_1_61' title='bbox 168 851 347 895; x_wconf 87' lang='lat' dir='ltr'>tandem</span> <span class='ocrx_word' id='word_1_62' title='bbox 377 852 485 894; x_wconf 90' lang='lat' dir='ltr'>scire</span> <span class='ocrx_word' id='word_1_63' title='bbox 516 856 714 906; x_wconf 82' lang='lat' dir='ltr'>poterant</span> <span class='ocrx_word' id='word_1_64' title='bbox 744 852 823 894; x_wconf 90' lang='lat' dir='ltr'>illa</span> <span class='ocrx_word' id='word_1_65' title='bbox 853 857 1016 907; x_wconf 89' lang='lat' dir='ltr'>aetate,</span> <span class='ocrx_word' id='word_1_66' title='bbox 1063 866 1146 905; x_wconf 88' lang='lat' dir='ltr'>qua</span> <span class='ocrx_word' id='word_1_67' title='bbox 1178 851 1414 894; x_wconf 87' lang='lat' dir='ltr'>litterarum</span> <span class='ocrx_word' id='word_1_68' title='bbox 1445 864 1546 894; x_wconf 89' lang='lat' dir='ltr'>usus</span> <span class='ocrx_word' id='word_1_69' title='bbox 1576 864 1681 893; x_wconf 88' lang='lat' dir='ltr'>non-</span> 
     </span>
     <span class='ocr_line' id='line_1_10' title="bbox 172 916 1679 970; baseline 0.001 -12"><span class='ocrx_word' id='word_1_70' title='bbox 172 916 273 959; x_wconf 86' lang='lat' dir='ltr'>dum</span> <span class='ocrx_word' id='word_1_71' title='bbox 306 922 431 959; x_wconf 92' lang='lat' dir='ltr'>notus</span> <span class='ocrx_word' id='word_1_72' title='bbox 463 922 577 958; x_wconf 88' lang='lat' dir='ltr'>esset</span> <span class='ocrx_word' id='word_1_73' title='bbox 608 918 676 959; x_wconf 83' lang='lat' dir='ltr'>vel</span> <span class='ocrx_word' id='word_1_74' title='bbox 710 922 824 960; x_wconf 84' lang='lat' dir='ltr'>certe</span> <span class='ocrx_word' id='word_1_75' title='bbox 854 918 1043 960; x_wconf 89' lang='lat' dir='ltr'>nondum</span> <span class='ocrx_word' id='word_1_76' title='bbox 1074 917 1366 970; x_wconf 77' lang='lat' dir='ltr'>increbuisset,</span> <span class='ocrx_word' id='word_1_77' title='bbox 1398 930 1525 959; x_wconf 84' lang='lat' dir='ltr'>voces</span> <span class='ocrx_word' id='word_1_78' title='bbox 1557 930 1679 970; x_wconf 86' lang='lat' dir='ltr'>quas-</span> 
     </span>
     <span class='ocr_line' id='line_1_11' title="bbox 170 981 1678 1037; baseline -0.001 -13"><span class='ocrx_word' id='word_1_79' title='bbox 170 982 271 1024; x_wconf 79' lang='lat' dir='ltr'>dam</span> <span class='ocrx_word' id='word_1_80' title='bbox 312 996 337 1023; x_wconf 86' lang='lat' dir='ltr'>a</span> <span class='ocrx_word' id='word_1_81' title='bbox 369 981 604 1034; x_wconf 88' lang='lat' dir='ltr'>majoribus</span> <span class='ocrx_word' id='word_1_82' title='bbox 648 983 774 1024; x_wconf 86' lang='lat' dir='ltr'>aliter</span> <span class='ocrx_word' id='word_1_83' title='bbox 811 984 1106 1037; x_wconf 83' lang='lat' dir='ltr'>pronuntiatas</span> <span class='ocrx_word' id='word_1_84' title='bbox 1147 986 1408 1035; x_wconf 82' lang='lat' dir='ltr'>esse&#39;atque</span> <span class='ocrx_word' id='word_1_85' title='bbox 1447 982 1502 1023; x_wconf 88' lang='lat' dir='ltr'>ab</span> <span class='ocrx_word' id='word_1_86' title='bbox 1542 981 1678 1036; x_wconf 76' lang='lat' dir='ltr'>ipsis?</span> 
     </span>
     <span class='ocr_line' id='line_1_12' title="bbox 172 1046 1679 1103; baseline 0 -13"><span class='ocrx_word' id='word_1_87' title='bbox 172 1048 227 1090; x_wconf 84' lang='lat' dir='ltr'>Et</span> <span class='ocrx_word' id='word_1_88' title='bbox 277 1047 311 1089; x_wconf 90' lang='lat' dir='ltr'>si</span> <span class='ocrx_word' id='word_1_89' title='bbox 362 1060 408 1089; x_wconf 91' lang='lat' dir='ltr'>re</span> <span class='ocrx_word' id='word_1_90' title='bbox 465 1059 571 1089; x_wconf 88' lang='lat' dir='ltr'>vera</span> <span class='ocrx_word' id='word_1_91' title='bbox 625 1047 733 1090; x_wconf 89' lang='lat' dir='ltr'>scire</span> <span class='ocrx_word' id='word_1_92' title='bbox 787 1049 1026 1103; x_wconf 88' lang='lat' dir='ltr'>potuissent</span> <span class='ocrx_word' id='word_1_93' title='bbox 1078 1061 1154 1102; x_wconf 88' lang='lat' dir='ltr'>per</span> <span class='ocrx_word' id='word_1_94' title='bbox 1209 1046 1400 1089; x_wconf 91' lang='lat' dir='ltr'>carmina</span> <span class='ocrx_word' id='word_1_95' title='bbox 1448 1047 1679 1090; x_wconf 82' lang='lat' dir='ltr'>memoriae</span> 
     </span>
     <span class='ocr_line' id='line_1_13' title="bbox 170 1112 1679 1169; baseline 0.001 -16"><span class='ocrx_word' id='word_1_96' title='bbox 170 1112 350 1165; x_wconf 87' lang='lat' dir='ltr'>tradita,</span> <span class='ocrx_word' id='word_1_97' title='bbox 398 1128 485 1156; x_wconf 89' lang='lat' dir='ltr'>non</span> <span class='ocrx_word' id='word_1_98' title='bbox 516 1115 886 1169; x_wconf 78' lang='lat' dir='ltr'>intellegeremus,</span> <span class='ocrx_word' id='word_1_99' title='bbox 938 1127 1011 1155; x_wconf 92' lang='lat' dir='ltr'>cur</span> <span class='ocrx_word' id='word_1_100' title='bbox 1041 1114 1195 1156; x_wconf 84' lang='lat' dir='ltr'>vetusti</span> <span class='ocrx_word' id='word_1_101' title='bbox 1228 1113 1380 1155; x_wconf 90' lang='lat' dir='ltr'>coloris</span> <span class='ocrx_word' id='word_1_102' title='bbox 1410 1113 1484 1155; x_wconf 90' lang='lat' dir='ltr'>ille</span> <span class='ocrx_word' id='word_1_103' title='bbox 1515 1119 1679 1155; x_wconf 88' lang='lat' dir='ltr'>amator</span> 
     </span>
     <span class='ocr_line' id='line_1_14' title="bbox 168 1178 1678 1233; baseline 0 -14"><span class='ocrx_word' id='word_1_104' title='bbox 168 1192 255 1220; x_wconf 90' lang='lat' dir='ltr'>non</span> <span class='ocrx_word' id='word_1_105' title='bbox 287 1191 457 1233; x_wconf 86' lang='lat' dir='ltr'>semper</span> <span class='ocrx_word' id='word_1_106' title='bbox 496 1179 642 1222; x_wconf 88' lang='lat' dir='ltr'>formis</span> <span class='ocrx_word' id='word_1_107' title='bbox 671 1180 888 1223; x_wconf 85' lang='lat' dir='ltr'>veteribus</span> <span class='ocrx_word' id='word_1_108' title='bbox 927 1192 1028 1221; x_wconf 86' lang='lat' dir='ltr'>usus</span> <span class='ocrx_word' id='word_1_109' title='bbox 1060 1188 1195 1231; x_wconf 89' lang='lat' dir='ltr'>esset,</span> <span class='ocrx_word' id='word_1_110' title='bbox 1236 1179 1313 1221; x_wconf 90' lang='lat' dir='ltr'>sed</span> <span class='ocrx_word' id='word_1_111' title='bbox 1350 1178 1495 1221; x_wconf 89' lang='lat' dir='ltr'>formis</span> <span class='ocrx_word' id='word_1_112' title='bbox 1534 1192 1678 1221; x_wconf 90' lang='lat' dir='ltr'>recen-</span> 
     </span>
     <span class='ocr_line' id='line_1_15' title="bbox 168 1243 1319 1298; baseline 0.002 -14"><span class='ocrx_word' id='word_1_113' title='bbox 168 1243 348 1285; x_wconf 90' lang='lat' dir='ltr'>tioribus</span> <span class='ocrx_word' id='word_1_114' title='bbox 379 1243 637 1287; x_wconf 82' lang='lat' dir='ltr'>intermixtis</span> <span class='ocrx_word' id='word_1_115' title='bbox 667 1245 883 1287; x_wconf 79' lang='lat' dir='ltr'>fallaciam</span> <span class='ocrx_word' id='word_1_116' title='bbox 915 1258 1035 1286; x_wconf 90' lang='lat' dir='ltr'>suam</span> <span class='ocrx_word' id='word_1_117' title='bbox 1066 1244 1319 1298; x_wconf 87' lang='lat' dir='ltr'>aperuisset.</span> 
     </span>
    </p>

    <p class='ocr_par' dir='ltr' id='par_1_3' title="bbox 122 1308 1680 2018">
     <span class='ocr_line' id='line_1_16' title="bbox 286 1308 1678 1364; baseline 0 -14"><span class='ocrx_word' id='word_1_118' title='bbox 286 1308 373 1351; x_wconf 82' lang='lat' dir='ltr'>Sed</span> <span class='ocrx_word' id='word_1_119' title='bbox 404 1314 575 1364; x_wconf 87' lang='lat' dir='ltr'>praeter</span> <span class='ocrx_word' id='word_1_120' title='bbox 605 1310 717 1353; x_wconf 89' lang='lat' dir='ltr'>hanc</span> <span class='ocrx_word' id='word_1_121' title='bbox 738 1311 966 1354; x_wconf 79' lang='lat' dir='ltr'>verborum</span> <span class='ocrx_word' id='word_1_122' title='bbox 987 1309 1031 1351; x_wconf 91' lang='lat' dir='ltr'>in</span> <span class='ocrx_word' id='word_1_123' title='bbox 1054 1326 1142 1350; x_wconf 82' lang='grc' dir='ltr'>-αω</span> <span class='ocrx_word' id='word_1_124' title='bbox 1174 1309 1403 1353; x_wconf 86' lang='lat' dir='ltr'>formarum</span> <span class='ocrx_word' id='word_1_125' title='bbox 1435 1309 1678 1364; x_wconf 87' lang='lat' dir='ltr'>discrepan—</span> 
     </span>
     <span class='ocr_line' id='line_1_17' title="bbox 169 1372 1680 1429; baseline 0.001 -14"><span class='ocrx_word' id='word_1_126' title='bbox 169 1374 275 1416; x_wconf 84' lang='lat' dir='ltr'>tiam</span> <span class='ocrx_word' id='word_1_127' title='bbox 307 1375 442 1417; x_wconf 91' lang='lat' dir='ltr'>multa</span> <span class='ocrx_word' id='word_1_128' title='bbox 472 1376 561 1417; x_wconf 91' lang='lat' dir='ltr'>alia</span> <span class='ocrx_word' id='word_1_129' title='bbox 592 1381 690 1419; x_wconf 90' lang='lat' dir='ltr'>sunt</span> <span class='ocrx_word' id='word_1_130' title='bbox 720 1377 764 1418; x_wconf 87' lang='lat' dir='ltr'>in</span> <span class='ocrx_word' id='word_1_131' title='bbox 794 1390 922 1418; x_wconf 89' lang='lat' dir='ltr'>carm.</span> <span class='ocrx_word' id='word_1_132' title='bbox 954 1376 1065 1417; x_wconf 74' lang='lat' dir='ltr'>hom,</span> <span class='ocrx_word' id='word_1_133' title='bbox 1089 1376 1290 1429; x_wconf 82' lang='lat' dir='ltr'>exempla</span> <span class='ocrx_word' id='word_1_134' title='bbox 1320 1372 1513 1429; x_wconf 86' lang='lat' dir='ltr'>ejusdem</span> <span class='ocrx_word' id='word_1_135' title='bbox 1544 1375 1680 1417; x_wconf 87' lang='lat' dir='ltr'>varie-</span> 
     </span>
     <span class='ocr_line' id='line_1_18' title="bbox 122 1439 1678 1494; baseline 0.002 -14"><span class='ocrx_word' id='word_1_136' title='bbox 122 1450 124 1453; x_wconf 87' lang='lat'>·</span> <span class='ocrx_word' id='word_1_137' title='bbox 170 1439 293 1481; x_wconf 89' lang='lat' dir='ltr'>tatis:</span> <span class='ocrx_word' id='word_1_138' title='bbox 324 1441 514 1493; x_wconf 82' lang='lat' dir='ltr'>genetivi</span> <span class='ocrx_word' id='word_1_139' title='bbox 537 1441 645 1494; x_wconf 86' lang='lat' dir='ltr'>sing.</span> <span class='ocrx_word' id='word_1_140' title='bbox 670 1443 707 1482; x_wconf 85' lang='lat'>2.</span> <span class='ocrx_word' id='word_1_141' title='bbox 731 1441 840 1484; x_wconf 86' lang='lat' dir='ltr'>decl.</span> <span class='ocrx_word' id='word_1_142' title='bbox 863 1441 996 1483; x_wconf 85' lang='lat' dir='ltr'>tribus</span> <span class='ocrx_word' id='word_1_143' title='bbox 1016 1441 1161 1483; x_wconf 88' lang='lat' dir='ltr'>formis</span> <span class='ocrx_word' id='word_1_144' title='bbox 1181 1454 1259 1483; x_wconf 90' lang='lat' dir='ltr'>usu</span> <span class='ocrx_word' id='word_1_145' title='bbox 1280 1441 1459 1483; x_wconf 88' lang='lat' dir='ltr'>veniunt</span> <span class='ocrx_word' id='word_1_146' title='bbox 1489 1439 1556 1491; x_wconf 87' lang='lat' dir='ltr'>(cf.</span> <span class='ocrx_word' id='word_1_147' title='bbox 1579 1441 1678 1483; x_wconf 89' lang='lat' dir='ltr'>Les-</span> 
     </span>
     <span class='ocr_line' id='line_1_19' title="bbox 169 1504 1677 1559; baseline 0.001 -14"><span class='ocrx_word' id='word_1_148' title='bbox 169 1504 288 1546; x_wconf 88' lang='lat' dir='ltr'>kien.</span> <span class='ocrx_word' id='word_1_149' title='bbox 321 1505 349 1545; x_wconf 92' lang='grc'>1.</span> <span class='ocrx_word' id='word_1_150' title='bbox 377 1511 443 1558; x_wconf 82' lang='grc'>0.),</span> <span class='ocrx_word' id='word_1_151' title='bbox 477 1519 586 1559; x_wconf 91' lang='lat' dir='ltr'>quae</span> <span class='ocrx_word' id='word_1_152' title='bbox 617 1510 761 1549; x_wconf 89' lang='lat' dir='ltr'>aetate</span> <span class='ocrx_word' id='word_1_153' title='bbox 791 1507 970 1548; x_wconf 89' lang='lat' dir='ltr'>multum</span> <span class='ocrx_word' id='word_1_154' title='bbox 1001 1506 1113 1548; x_wconf 88' lang='lat' dir='ltr'>inter</span> <span class='ocrx_word' id='word_1_155' title='bbox 1142 1518 1189 1548; x_wconf 92' lang='lat' dir='ltr'>se</span> <span class='ocrx_word' id='word_1_156' title='bbox 1219 1505 1401 1557; x_wconf 83' lang='lat' dir='ltr'>distant3</span> <span class='ocrx_word' id='word_1_157' title='bbox 1437 1506 1677 1548; x_wconf 88' lang='lat' dir='ltr'>terminatio</span> 
     </span>
     <span class='ocr_line' id='line_1_20' title="bbox 167 1570 1675 1624; baseline -0.001 -13"><span class='ocrx_word' id='word_1_158' title='bbox 167 1570 281 1611; x_wconf 91' lang='lat' dir='ltr'>enim</span> <span class='ocrx_word' id='word_1_159' title='bbox 312 1570 440 1612; x_wconf 90' lang='lat' dir='ltr'>modo</span> <span class='ocrx_word' id='word_1_160' title='bbox 473 1586 557 1624; x_wconf 87' lang='grc' dir='ltr'>οιο,</span> <span class='ocrx_word' id='word_1_161' title='bbox 590 1571 717 1613; x_wconf 84' lang='grc' dir='ltr'><strong>1110ᾶο</strong></span> <span class='ocrx_word' id='word_1_162' title='bbox 750 1587 799 1612; x_wconf 88' lang='lat'>00</span> <span class='ocrx_word' id='word_1_163' title='bbox 833 1571 898 1622; x_wconf 85' lang='lat' dir='ltr'>(cf.</span> <span class='ocrx_word' id='word_1_164' title='bbox 923 1571 1092 1613; x_wconf 90' lang='lat' dir='ltr'>Ahrens</span> <span class='ocrx_word' id='word_1_165' title='bbox 1113 1570 1164 1612; x_wconf 90' lang='lat' dir='ltr'>N.</span> <span class='ocrx_word' id='word_1_166' title='bbox 1189 1570 1243 1612; x_wconf 92' lang='lat' dir='ltr'>M.</span> <span class='ocrx_word' id='word_1_167' title='bbox 1266 1570 1345 1612; x_wconf 86' lang='lat' dir='ltr'>Rh.</span> <span class='ocrx_word' id='word_1_168' title='bbox 1369 1571 1423 1622; x_wconf 92' lang='lat' dir='ltr'>II,</span> <span class='ocrx_word' id='word_1_169' title='bbox 1451 1572 1525 1611; x_wconf 85' lang='lat'>161</span> <span class='ocrx_word' id='word_1_170' title='bbox 1552 1573 1675 1624; x_wconf 88' lang='lat' dir='ltr'>sqq.),</span> 
     </span>
     <span class='ocr_line' id='line_1_21' title="bbox 167 1634 1677 1690; baseline 0 -14"><span class='ocrx_word' id='word_1_171' title='bbox 167 1634 295 1677; x_wconf 84' lang='lat' dir='ltr'>modo</span> <span class='ocrx_word' id='word_1_172' title='bbox 335 1651 385 1676; x_wconf 78' lang='grc' dir='ltr'>ου</span> <span class='ocrx_word' id='word_1_173' title='bbox 418 1640 565 1690; x_wconf 81' lang='lat' dir='ltr'>sonat3</span> <span class='ocrx_word' id='word_1_174' title='bbox 610 1637 713 1679; x_wconf 91' lang='lat' dir='ltr'>item</span> <span class='ocrx_word' id='word_1_175' title='bbox 754 1636 888 1678; x_wconf 86' lang='lat' dir='ltr'>dativi</span> <span class='ocrx_word' id='word_1_176' title='bbox 927 1636 1106 1690; x_wconf 88' lang='lat' dir='ltr'>pluralis</span> <span class='ocrx_word' id='word_1_177' title='bbox 1144 1635 1429 1678; x_wconf 84' lang='lat' dir='ltr'>terminantur</span> <span class='ocrx_word' id='word_1_178' title='bbox 1466 1634 1593 1677; x_wconf 89' lang='lat' dir='ltr'>modo</span> <span class='ocrx_word' id='word_1_179' title='bbox 1632 1636 1677 1677; x_wconf 90' lang='lat' dir='ltr'>in</span> 
     </span>
     <span class='ocr_line' id='line_1_22' title="bbox 168 1699 1676 1757; baseline 0 -16"><span class='ocrx_word' id='word_1_180' title='bbox 168 1715 284 1756; x_wconf 79' lang='grc' dir='ltr'>-ῃ-σι,</span> <span class='ocrx_word' id='word_1_181' title='bbox 316 1715 447 1749; x_wconf 78' lang='grc' dir='ltr'>-οισι,</span> <span class='ocrx_word' id='word_1_182' title='bbox 479 1701 606 1743; x_wconf 85' lang='grc' dir='ltr'><strong>1110ᾶο</strong></span> <span class='ocrx_word' id='word_1_183' title='bbox 635 1702 681 1743; x_wconf 89' lang='lat' dir='ltr'>in</span> <span class='ocrx_word' id='word_1_184' title='bbox 711 1718 800 1757; x_wconf 75' lang='grc' dir='ltr'>-ῃς,</span> <span class='ocrx_word' id='word_1_185' title='bbox 835 1699 984 1757; x_wconf 83' lang='grc' dir='ltr'>(-αις),</span> <span class='ocrx_word' id='word_1_186' title='bbox 1016 1716 1121 1750; x_wconf 79' lang='grc' dir='ltr'>-οις,</span> <span class='ocrx_word' id='word_1_187' title='bbox 1153 1713 1266 1742; x_wconf 85' lang='grc'><strong>110111.</strong></span> <span class='ocrx_word' id='word_1_188' title='bbox 1297 1712 1385 1742; x_wconf 91' lang='lat' dir='ltr'>acc.</span> <span class='ocrx_word' id='word_1_189' title='bbox 1407 1701 1516 1754; x_wconf 88' lang='lat' dir='ltr'>plur.</span> <span class='ocrx_word' id='word_1_190' title='bbox 1538 1705 1676 1743; x_wconf 91' lang='lat' dir='ltr'>neutr.</span> 
     </span>
     <span class='ocr_line' id='line_1_23' title="bbox 170 1764 1677 1822; baseline 0.001 -15"><span class='ocrx_word' id='word_1_191' title='bbox 170 1764 298 1808; x_wconf 87' lang='lat' dir='ltr'>modo</span> <span class='ocrx_word' id='word_1_192' title='bbox 338 1765 383 1807; x_wconf 88' lang='lat' dir='ltr'>in</span> <span class='ocrx_word' id='word_1_193' title='bbox 424 1773 472 1817; x_wconf 81' lang='grc' dir='ltr'>ἃ,</span> <span class='ocrx_word' id='word_1_194' title='bbox 513 1767 640 1809; x_wconf 86' lang='grc' dir='ltr'><strong>1110ᾰο</strong></span> <span class='ocrx_word' id='word_1_195' title='bbox 681 1768 725 1809; x_wconf 92' lang='lat' dir='ltr'>in</span> <span class='ocrx_word' id='word_1_196' title='bbox 765 1767 792 1808; x_wconf 84' lang='grc' dir='ltr'><em>ἇ</em></span> <span class='ocrx_word' id='word_1_197' title='bbox 833 1766 1016 1822; x_wconf 87' lang='lat' dir='ltr'>(Hartel.</span> <span class='ocrx_word' id='word_1_198' title='bbox 1057 1767 1084 1808; x_wconf 93' lang='grc'>1.</span> <span class='ocrx_word' id='word_1_199' title='bbox 1126 1779 1160 1808; x_wconf 92' lang='lat' dir='ltr'>c.</span> <span class='ocrx_word' id='word_1_200' title='bbox 1194 1764 1288 1821; x_wconf 77' lang='lat'>42),</span> <span class='ocrx_word' id='word_1_201' title='bbox 1341 1764 1519 1808; x_wconf 86' lang='lat' dir='ltr'>eaedem</span> <span class='ocrx_word' id='word_1_202' title='bbox 1549 1779 1677 1810; x_wconf 87' lang='lat' dir='ltr'>voces</span> 
     </span>
     <span class='ocr_line' id='line_1_24' title="bbox 169 1830 1678 1886; baseline 0.001 -13"><span class='ocrx_word' id='word_1_203' title='bbox 169 1830 297 1874; x_wconf 86' lang='lat' dir='ltr'>modo</span> <span class='ocrx_word' id='word_1_204' title='bbox 328 1848 355 1872; x_wconf 58' lang='lat' dir='ltr'>s-</span> <span class='ocrx_word' id='word_1_205' title='bbox 394 1831 627 1875; x_wconf 89' lang='lat' dir='ltr'>instructae</span> <span class='ocrx_word' id='word_1_206' title='bbox 667 1833 886 1886; x_wconf 89' lang='lat' dir='ltr'>videntur,</span> <span class='ocrx_word' id='word_1_207' title='bbox 928 1831 1055 1875; x_wconf 88' lang='lat' dir='ltr'>modo</span> <span class='ocrx_word' id='word_1_208' title='bbox 1096 1844 1149 1874; x_wconf 90' lang='lat' dir='ltr'>ea</span> <span class='ocrx_word' id='word_1_209' title='bbox 1186 1835 1332 1874; x_wconf 82' lang='lat' dir='ltr'>carent</span> <span class='ocrx_word' id='word_1_210' title='bbox 1372 1830 1439 1881; x_wconf 87' lang='lat' dir='ltr'>(cf.</span> <span class='ocrx_word' id='word_1_211' title='bbox 1471 1831 1678 1875; x_wconf 89' lang='lat' dir='ltr'>Leskieni</span> 
     </span>
     <span class='ocr_line' id='line_1_25' title="bbox 168 1896 1675 1952; baseline 0.001 -13"><span class='ocrx_word' id='word_1_212' title='bbox 168 1897 291 1940; x_wconf 69' lang='lat' dir='ltr'>diss:</span> <span class='ocrx_word' id='word_1_213' title='bbox 343 1897 621 1952; x_wconf 91' lang='lat' dir='ltr'>„Rationem,</span> <span class='ocrx_word' id='word_1_214' title='bbox 656 1911 783 1952; x_wconf 90' lang='lat' dir='ltr'>quam</span> <span class='ocrx_word' id='word_1_215' title='bbox 815 1899 848 1942; x_wconf 84' lang='grc' dir='ltr'>Ι.</span> <span class='ocrx_word' id='word_1_216' title='bbox 880 1898 1057 1941; x_wconf 89' lang='lat' dir='ltr'>Bekker</span> <span class='ocrx_word' id='word_1_217' title='bbox 1088 1898 1132 1939; x_wconf 87' lang='lat' dir='ltr'>in</span> <span class='ocrx_word' id='word_1_218' title='bbox 1170 1896 1303 1939; x_wconf 91' lang='lat' dir='ltr'>restit.</span> <span class='ocrx_word' id='word_1_219' title='bbox 1343 1912 1370 1937; x_wconf 62' lang='grc'><strong>1-</strong></span> <span class='ocrx_word' id='word_1_220' title='bbox 1400 1902 1567 1940; x_wconf 92' lang='lat' dir='ltr'>secutus</span> <span class='ocrx_word' id='word_1_221' title='bbox 1599 1903 1675 1952; x_wconf 90' lang='lat' dir='ltr'>est,</span> 
     </span>
     <span class='ocr_line' id='line_1_26' title="bbox 171 1962 910 2018; baseline -0.001 -13"><span class='ocrx_word' id='word_1_222' title='bbox 171 1962 374 2016; x_wconf 80' lang='lat' dir='ltr'>exam.“),</span> <span class='ocrx_word' id='word_1_223' title='bbox 405 1963 494 2005; x_wconf 92' lang='lat' dir='ltr'>alia</span> <span class='ocrx_word' id='word_1_224' title='bbox 523 1963 567 2005; x_wconf 91' lang='lat' dir='ltr'>id</span> <span class='ocrx_word' id='word_1_225' title='bbox 596 1977 733 2018; x_wconf 86' lang='lat' dir='ltr'>genus</span> <span class='ocrx_word' id='word_1_226' title='bbox 763 1964 910 2005; x_wconf 92' lang='lat' dir='ltr'>multa.</span> 
     </span>
    </p>

    <p class='ocr_par' dir='ltr' id='par_1_4' title="bbox 168 2027 1676 2343">
     <span class='ocr_line' id='line_1_27' title="bbox 283 2027 1674 2083; baseline 0.001 -14"><span class='ocrx_word' id='word_1_227' title='bbox 283 2027 546 2081; x_wconf 81' lang='lat' dir='ltr'>Intellegere</span> <span class='ocrx_word' id='word_1_228' title='bbox 589 2042 676 2070; x_wconf 91' lang='lat' dir='ltr'>non</span> <span class='ocrx_word' id='word_1_229' title='bbox 721 2042 947 2083; x_wconf 90' lang='lat' dir='ltr'>possumus</span> <span class='ocrx_word' id='word_1_230' title='bbox 991 2028 1103 2070; x_wconf 90' lang='lat' dir='ltr'>hanc</span> <span class='ocrx_word' id='word_1_231' title='bbox 1144 2027 1373 2070; x_wconf 83' lang='lat' dir='ltr'>formarum</span> <span class='ocrx_word' id='word_1_232' title='bbox 1422 2027 1674 2071; x_wconf 81' lang='lat' dir='ltr'>varietatem</span> 
     </span>
     <span class='ocr_line' id='line_1_28' title="bbox 168 2090 1676 2149; baseline 0.002 -14"><span class='ocrx_word' id='word_1_233' title='bbox 168 2093 250 2136; x_wconf 90' lang='lat' dir='ltr'>nisi</span> <span class='ocrx_word' id='word_1_234' title='bbox 281 2092 431 2135; x_wconf 88' lang='lat' dir='ltr'>habita</span> <span class='ocrx_word' id='word_1_235' title='bbox 461 2093 701 2136; x_wconf 86' lang='lat' dir='ltr'>homericae</span> <span class='ocrx_word' id='word_1_236' title='bbox 745 2094 887 2149; x_wconf 90' lang='lat' dir='ltr'>poesis</span> <span class='ocrx_word' id='word_1_237' title='bbox 916 2094 1119 2138; x_wconf 83' lang='lat' dir='ltr'>historiae</span> <span class='ocrx_word' id='word_1_238' title='bbox 1148 2092 1327 2136; x_wconf 89' lang='lat' dir='ltr'>ratione.</span> <span class='ocrx_word' id='word_1_239' title='bbox 1388 2090 1449 2134; x_wconf 84' lang='lat' dir='ltr'>Cf.</span> <span class='ocrx_word' id='word_1_240' title='bbox 1482 2106 1592 2147; x_wconf 84' lang='lat' dir='ltr'>quae</span> <span class='ocrx_word' id='word_1_241' title='bbox 1622 2095 1676 2138; x_wconf 87' lang='grc'>(16</span> 
     </span>
     <span class='ocr_line' id='line_1_29' title="bbox 169 2156 1675 2213; baseline 0.001 -12"><span class='ocrx_word' id='word_1_242' title='bbox 169 2160 250 2201; x_wconf 88' lang='lat' dir='ltr'>hac</span> <span class='ocrx_word' id='word_1_243' title='bbox 280 2159 574 2201; x_wconf 87' lang='lat' dir='ltr'>disseruerunt</span> <span class='ocrx_word' id='word_1_244' title='bbox 606 2158 786 2213; x_wconf 87' lang='lat' dir='ltr'>Curtius,</span> <span class='ocrx_word' id='word_1_245' title='bbox 819 2160 1074 2213; x_wconf 76' lang='lat' dir='ltr'>‚,Erlaut.“2</span> <span class='ocrx_word' id='word_1_246' title='bbox 1104 2162 1179 2213; x_wconf 82' lang='lat'>42,</span> <span class='ocrx_word' id='word_1_247' title='bbox 1221 2156 1402 2212; x_wconf 83' lang='lat' dir='ltr'>„Stud.“</span> <span class='ocrx_word' id='word_1_248' title='bbox 1431 2158 1502 2212; x_wconf 91' lang='lat' dir='ltr'>IV,</span> <span class='ocrx_word' id='word_1_249' title='bbox 1536 2162 1675 2202; x_wconf 79' lang='lat'>482—</span> 
     </span>
     <span class='ocr_line' id='line_1_30' title="bbox 169 2222 1674 2280; baseline 0.002 -15"><span class='ocrx_word' id='word_1_250' title='bbox 169 2225 274 2277; x_wconf 86' lang='grc'>490,</span> <span class='ocrx_word' id='word_1_251' title='bbox 321 2222 579 2266; x_wconf 87' lang='lat' dir='ltr'>Leskienius</span> <span class='ocrx_word' id='word_1_252' title='bbox 618 2224 831 2267; x_wconf 88' lang='lat' dir='ltr'>Fleckeis.</span> <span class='ocrx_word' id='word_1_253' title='bbox 871 2224 1028 2267; x_wconf 88' lang='lat' dir='ltr'>Annal.</span> <span class='ocrx_word' id='word_1_254' title='bbox 1061 2227 1136 2279; x_wconf 84' lang='lat'>95,</span> <span class='ocrx_word' id='word_1_255' title='bbox 1177 2240 1217 2280; x_wconf 89' lang='lat' dir='ltr'>p.</span> <span class='ocrx_word' id='word_1_256' title='bbox 1253 2227 1292 2267; x_wconf 82' lang='lat'>2.</span> <span class='ocrx_word' id='word_1_257' title='bbox 1324 2227 1362 2279; x_wconf 88' lang='lat'>7,</span> <span class='ocrx_word' id='word_1_258' title='bbox 1408 2223 1590 2279; x_wconf 66' lang='lat' dir='ltr'>„Studf‘</span> <span class='ocrx_word' id='word_1_259' title='bbox 1620 2226 1674 2280; x_wconf 93' lang='grc' dir='ltr'>ΙΙ,</span> 
     </span>
     <span class='ocr_line' id='line_1_31' title="bbox 169 2291 348 2343; baseline -0.011 -11"><span class='ocrx_word' id='word_1_260' title='bbox 169 2291 221 2332; x_wconf 86' lang='grc'>67</span> <span class='ocrx_word' id='word_1_261' title='bbox 254 2303 348 2343; x_wconf 90' lang='lat' dir='ltr'>sqq.</span> 
     </span>
    </p>

    <p class='ocr_par' dir='ltr' id='par_1_5' title="bbox 169 2354 1711 2738">
     <span class='ocr_line' id='line_1_32' title="bbox 287 2354 1711 2411; baseline 0.002 -13"><span class='ocrx_word' id='word_1_262' title='bbox 287 2354 489 2398; x_wconf 87' lang='lat' dir='ltr'>Carmina</span> <span class='ocrx_word' id='word_1_263' title='bbox 519 2354 736 2397; x_wconf 87' lang='lat' dir='ltr'>homerica</span> <span class='ocrx_word' id='word_1_264' title='bbox 755 2379 810 2384; x_wconf 82' lang='lat'>—-</span> <span class='ocrx_word' id='word_1_265' title='bbox 841 2355 978 2398; x_wconf 90' lang='lat' dir='ltr'>solam</span> <span class='ocrx_word' id='word_1_266' title='bbox 1009 2355 1199 2410; x_wconf 86' lang='lat' dir='ltr'>linguam</span> <span class='ocrx_word' id='word_1_267' title='bbox 1229 2370 1342 2399; x_wconf 91' lang='lat' dir='ltr'>nunc</span> <span class='ocrx_word' id='word_1_268' title='bbox 1372 2355 1598 2411; x_wconf 88' lang='lat' dir='ltr'>respiciam</span> <span class='ocrx_word' id='word_1_269' title='bbox 1619 2381 1675 2386; x_wconf 93' lang='lat'>—</span> <span class='ocrx_word' id='word_1_270' title='bbox 1708 2399 1711 2401; x_wconf 87' lang='lat'>.</span> 
     </span>
     <span class='ocr_line' id='line_1_33' title="bbox 170 2419 1676 2476; baseline 0.003 -14"><span class='ocrx_word' id='word_1_271' title='bbox 170 2421 315 2474; x_wconf 88' lang='lat' dir='ltr'>qualia</span> <span class='ocrx_word' id='word_1_272' title='bbox 344 2419 402 2462; x_wconf 86' lang='lat' dir='ltr'>ad</span> <span class='ocrx_word' id='word_1_273' title='bbox 431 2433 511 2463; x_wconf 86' lang='lat' dir='ltr'>nos</span> <span class='ocrx_word' id='word_1_274' title='bbox 540 2425 848 2474; x_wconf 88' lang='lat' dir='ltr'>pervenerunt,</span> <span class='ocrx_word' id='word_1_275' title='bbox 894 2434 981 2462; x_wconf 91' lang='lat' dir='ltr'>non</span> <span class='ocrx_word' id='word_1_276' title='bbox 1010 2426 1189 2476; x_wconf 88' lang='lat' dir='ltr'>possunt</span> <span class='ocrx_word' id='word_1_277' title='bbox 1219 2434 1313 2465; x_wconf 88' lang='lat' dir='ltr'>esse</span> <span class='ocrx_word' id='word_1_278' title='bbox 1342 2422 1536 2466; x_wconf 86' lang='lat' dir='ltr'>confecta</span> <span class='ocrx_word' id='word_1_279' title='bbox 1564 2423 1676 2467; x_wconf 90' lang='lat' dir='ltr'>intra</span> 
     </span>
     <span class='ocr_line' id='line_1_34' title="bbox 169 2485 1674 2543; baseline 0.003 -15"><span class='ocrx_word' id='word_1_280' title='bbox 169 2485 295 2529; x_wconf 90' lang='lat' dir='ltr'>unius</span> <span class='ocrx_word' id='word_1_281' title='bbox 316 2485 475 2529; x_wconf 91' lang='lat' dir='ltr'>saeculi</span> <span class='ocrx_word' id='word_1_282' title='bbox 507 2485 705 2540; x_wconf 87' lang='lat' dir='ltr'>spatium,</span> <span class='ocrx_word' id='word_1_283' title='bbox 738 2485 896 2529; x_wconf 88' lang='lat' dir='ltr'>nedum</span> <span class='ocrx_word' id='word_1_284' title='bbox 918 2486 972 2529; x_wconf 91' lang='lat' dir='ltr'>ab</span> <span class='ocrx_word' id='word_1_285' title='bbox 994 2500 1078 2530; x_wconf 89' lang='lat' dir='ltr'>uno</span> <span class='ocrx_word' id='word_1_286' title='bbox 1109 2487 1302 2531; x_wconf 89' lang='lat' dir='ltr'>homine:</span> <span class='ocrx_word' id='word_1_287' title='bbox 1333 2501 1385 2531; x_wconf 93' lang='lat' dir='ltr'>ea</span> <span class='ocrx_word' id='word_1_288' title='bbox 1406 2488 1520 2532; x_wconf 90' lang='lat' dir='ltr'>enim</span> <span class='ocrx_word' id='word_1_289' title='bbox 1540 2495 1674 2543; x_wconf 88' lang='lat' dir='ltr'>aetas,</span> 
     </span>
     <span class='ocr_line' id='line_1_35' title="bbox 171 2551 1673 2608; baseline 0.003 -15"><span class='ocrx_word' id='word_1_290' title='bbox 171 2565 256 2606; x_wconf 93' lang='lat' dir='ltr'>qua</span> <span class='ocrx_word' id='word_1_291' title='bbox 287 2551 522 2594; x_wconf 89' lang='lat' dir='ltr'>carminum</span> <span class='ocrx_word' id='word_1_292' title='bbox 561 2551 843 2595; x_wconf 86' lang='lat' dir='ltr'>fundamenta</span> <span class='ocrx_word' id='word_1_293' title='bbox 875 2552 1162 2607; x_wconf 88' lang='lat' dir='ltr'>jaciebantur,</span> <span class='ocrx_word' id='word_1_294' title='bbox 1204 2553 1259 2595; x_wconf 89' lang='lat' dir='ltr'>ab</span> <span class='ocrx_word' id='word_1_295' title='bbox 1290 2567 1362 2608; x_wconf 92' lang='lat' dir='ltr'>ea,</span> <span class='ocrx_word' id='word_1_296' title='bbox 1414 2567 1498 2608; x_wconf 87' lang='lat' dir='ltr'>qua</span> <span class='ocrx_word' id='word_1_297' title='bbox 1529 2567 1673 2598; x_wconf 91' lang='lat' dir='ltr'>eorum</span> 
     </span>
     <span class='ocr_line' id='line_1_36' title="bbox 169 2617 1674 2673; baseline 0.003 -13"><span class='ocrx_word' id='word_1_298' title='bbox 169 2618 319 2672; x_wconf 85' lang='lat' dir='ltr'>lingua</span> <span class='ocrx_word' id='word_1_299' title='bbox 358 2617 481 2672; x_wconf 90' lang='lat' dir='ltr'>quasi</span> <span class='ocrx_word' id='word_1_300' title='bbox 519 2617 762 2672; x_wconf 83' lang='lat' dir='ltr'>rigescebat</span> <span class='ocrx_word' id='word_1_301' title='bbox 803 2622 931 2672; x_wconf 90' lang='lat' dir='ltr'>atque</span> <span class='ocrx_word' id='word_1_302' title='bbox 969 2619 1030 2662; x_wconf 92' lang='lat' dir='ltr'>ita</span> <span class='ocrx_word' id='word_1_303' title='bbox 1067 2619 1416 2673; x_wconf 86' lang='lat' dir='ltr'>constituebatur,</span> <span class='ocrx_word' id='word_1_304' title='bbox 1467 2626 1514 2661; x_wconf 85' lang='lat' dir='ltr'>ut</span> <span class='ocrx_word' id='word_1_305' title='bbox 1550 2621 1674 2664; x_wconf 88' lang='lat' dir='ltr'>nobis</span> 
     </span>
     <span class='ocr_line' id='line_1_37' title="bbox 170 2680 982 2738; baseline 0 -12"><span class='ocrx_word' id='word_1_306' title='bbox 170 2680 327 2726; x_wconf 86' lang='lat' dir='ltr'>tradit&#39;a</span> <span class='ocrx_word' id='word_1_307' title='bbox 357 2688 434 2738; x_wconf 84' lang='lat' dir='ltr'>est,</span> <span class='ocrx_word' id='word_1_308' title='bbox 467 2696 593 2737; x_wconf 92' lang='lat' dir='ltr'>quam</span> <span class='ocrx_word' id='word_1_309' title='bbox 623 2683 810 2726; x_wconf 81' lang='lat' dir='ltr'>maxime</span> <span class='ocrx_word' id='word_1_310' title='bbox 842 2683 982 2727; x_wconf 89' lang='lat' dir='ltr'>distat.</span> 
     </span>
    </p>
   </div>
  </div>
 </body>
</html>
