1803 3230
129 268 175 305 15
183 268 206 308 8
798 270 970 315 Mangold

121 383 339 425 Profectus
370 383 485 426 enim
516 383 570 425 ab
604 384 804 427 umbricis
832 385 1036 426 suboeava
1059 390 1100 428 et
1125 385 1341 436 pm‘tuve'to
1373 390 1623 439 spartuvet‘O,

118 449 380 504 paz-clom'to),
428 449 679 503 quibuscum
710 456 929 505 comparat
968 464 1052 494 osc.
1092 449 1422 500 triburalcavum,
1468 449 1625 493 formas

122 515 256 555 umbr.
275 514 413 568 scaku,
445 515 614 568 stabim,
648 515 909 557 arsmahamo
933 530 985 559 ex
1005 517 1091 559 illis
1112 515 1420 570 antiquioribus
1442 513 1623 567 (ἕξιππα,

122 579 430 629 *ανειηαυανηο)
453 581 690 624 mutatione
721 581 923 635 spirantis
956 597 975 622 υ
1005 582 1050 623 in
1071 582 1097 622 h
1120 595 1213 625 esse
1242 581 1376 624 factas
1408 579 1625 623 existimat

121 644 402 699 similiterque
439 646 573 689 verba
602 647 738 688 umbr.
771 649 808 689 2.
841 647 951 700 conj.
992 646 1172 688 kalt-ekes
1209 652 1252 689 et
1282 650 1320 688 4.
1362 645 1471 700 conj.
1506 659 1624 700 pers-

122 709 293 764 m'lzz'mu,
334 712 563 753 anovz‘himi
604 725 657 754 ex
696 713 1004 766 antiquioribus
1036 712 1241 753 *kulceves
1279 718 1356 755 eet.
1399 716 1489 754 orta
1529 724 1624 754 esse

122 790 373 830 persuasum
405 778 550 820 habet.
591 778 677 820 Sed
708 779 1001 833 exemplorum
1032 779 1201 820 illorum
1234 793 1254 818 z>
1286 778 1342 820 ad
1371 776 1623 819 firmandam

122 842 400 896 Savelsbergi
437 843 693 885 sententiam
732 843 840 885 nihil
874 844 1010 895 valet;
1057 857 1157 885 nam
1195 843 1240 884 in
1272 844 1485 897 partuvito
1519 857 1538 882 υ
1579 855 1625 885 se

123 907 329 962 explicuit
358 907 672 960 quodammodo
703 921 726 950 e
764 909 960 963 proxima
991 923 1015 949 u
1055 906 1125 963 (cf.
1157 907 1314 950 similia
1342 908 1458 963 apud
1488 909 1537 950 A.
1569 907 1623 950 K.

122 973 155 1024 Ι,
196 972 312 1028 100);
348 971 402 1014 de
431 972 635 1014 suboeavu
666 978 830 1026 autem,
863 987 956 1016 cum
987 987 1073 1015 non
1104 973 1185 1015 nisi
1216 972 1261 1014 in
1292 973 1450 1015 tabulis
1481 986 1623 1016 recen-

122 1038 298 1080 tioribus
329 1037 575 1080 inveniatur
606 1042 647 1080 et
676 1039 858 1093 proinde
898 1039 957 1081 ita
988 1038 1190 1093 scriptum
1222 1037 1277 1079 sit
1307 1036 1621 1090 SVBOCAVV‚

123 1102 236 1144 haud
267 1102 445 1155 scimus,
491 1116 547 1144 an
579 1104 760 1145 crassior
790 1109 955 1145 tantum
986 1104 1148 1145 vocalis
1179 1116 1204 1142 ιι
1234 1116 1363 1145 sonus
1395 1102 1554 1157 duplici
1586 1104 1623 1145 V

121 1167 394 1221 exprimatur.
455 1166 543 1210 Sed
573 1168 703 1210 etiam
735 1168 770 1211 si
801 1182 845 1211 re
876 1182 981 1211 vera
1010 1173 1074 1211 est
1105 1181 1155 1208 vu
1186 1168 1562 1222 pronuntiandum,
1600 1184 1621 1209 υ

118 1233 245 1276 facile
267 1246 290 1275 e
311 1236 515 1287 sequente
539 1247 565 1273 u
586 1246 632 1276 se
664 1234 894 1288 explicare
911 1238 1091 1289 poterat.
1136 1233 1202 1274 Ita
1233 1232 1346 1275 enim
1377 1234 1470 1276 sine
1492 1234 1620 1276 dubio

121 1312 204 1341 osc.
237 1297 547 1339 tribaralmvum
580 1299 884 1357 explicandum
917 1304 993 1352 est,
1026 1299 1076 1341 cf.
1109 1299 1244 1352 Bugg.
1275 1298 1329 1340 K.
1360 1298 1405 1340 Z.
1439 1299 1494 1353 II,
1527 1301 1621 1350 383,

120 1364 206 1415 Ill,
241 1365 307 1416 39,
347 1363 415 1405 cui
445 1364 675 1406 assentitur
705 1364 882 1407 Ebelius
913 1364 1014 1406 ibid.
1048 1363 1119 1414 VI,
1152 1365 1247 1404 42⁶2.
1307 1363 1457 1417 Neque
1487 1364 1624 1417 magis

119 1429 267 1472 favent
298 1428 575 1483 Savelsbergi
605 1429 796 1484 opinioni
828 1429 990 1472 formae
1019 1428 1210 1472 litterale
1243 1429 1438 1483 scriptae.
1485 1429 1620 1472 Nemo

121 1495 234 1537 enim
265 1493 407 1537 adhuc
437 1493 677 1548 contendit,
710 1494 869 1538 nedum
901 1495 1108 1550 exemplis
1139 1494 1336 1549 probavit
1365 1494 1420 1536 ab
1453 1494 1623 1537 Umbris

120 1576 141 1601 v
172 1560 326 1602 mutari
356 1560 401 1601 in
431 1559 480 1612 Ιι;
511 1573 611 1602 nam
641 1560 756 1613 quod
785 1560 860 1603 ille
890 1561 940 1602 A.
973 1560 1025 1602 K.
1059 1561 1091 1609 Ι,
1123 1563 1175 1602 64
1203 1560 1444 1614 ρνθρῖόῐαῐα
1476 1573 1499 1602 e
1525 1574 1621 1614 pre-

114 1626 324 1677 plavitatzc
373 1625 608 1668 mutatione
655 1626 826 1668 litterae
868 1641 889 1666 v
933 1626 977 1667 in
1023 1625 1048 1665 h
1094 1626 1249 1667 factum
1299 1629 1472 1679 putasse
1522 1624 1624 1667 dicit

120 1706 161 1746 p.
198 1693 289 1743 147,
330 1703 476 1732 eorum
514 1690 648 1733 verba
685 1705 772 1732 non
811 1691 922 1733 bene
961 1690 1187 1733 intellexit.
1206 1688 1250 1744 ¹⁰)
1319 1691 1453 1732 Immo
1492 1691 1622 1744 longe

120 1757 247 1799 aliter
278 1756 331 1799 de
361 1755 387 1796 lz
417 1756 495 1798 illa
525 1755 797 1798 statuendum
830 1761 906 1808 est,
938 1755 989 1798 cf.
1021 1757 1072 1798 A.
1102 1755 1155 1797 K.
1188 1755 1219 1808 Ι,
1254 1758 1305 1797 77
1338 1768 1399 1809 sq.

234 1822 455 1864 Postremo
466 1853 476 1875 ,
522 1820 556 1863 si
592 1825 691 1863 sunt
721 1821 854 1863 verba
883 1833 1059 1875 graeca,
1105 1833 1215 1874 quae
1253 1820 1490 1874 antiquiore
1519 1824 1621 1863 tem-

119 1900 221 1943 pore
249 1887 295 1929 in
326 1902 444 1929 -chw
476 1886 679 1939 exierint,
725 1891 771 1928 ut
802 1885 954 1943 spois-01,
986 1899 1036 1929 eo
1068 1899 1153 1928 non
1184 1885 1373 1936 efficitur,
1405 1885 1549 1927 omnia
1576 1885 1620 1927 in

118 1970 221 2003 -αω,
264 1968 367 2003 -εω,
408 1968 494 1994 -oco
531 1965 584 1995 ex
614 1951 857 2005 antiquiore
887 1952 1040 1993 -αυᾶφηί
1068 1950 1306 1994 derivanda
1336 1964 1442 1994 esse.
1502 1950 1622 2003 Quae

118 2033 211 2062 cum
243 2019 303 2060 ita
334 2018 440 2070 sint,
488 2031 514 2060 a
545 2017 734 2071 Boppio,
776 2016 940 2070 Curtio,
987 2016 1260 2060 Schleichero
1291 2016 1517 2060 dissentire
1547 2030 1620 2059 no-

115 2084 280 2127 luerim.

230 2149 282 2190 In
342 2146 600 2201 explicando
648 2152 792 2190 autem
839 2148 914 2189 illo
958 2147 1111 2202 -ajctmi
1156 2146 1302 2190 Curtio
1351 2146 1618 2200 adstipulan-

117 2215 217 2257 dum
249 2226 344 2256 esse
375 2225 551 2262 censeo,
596 2212 664 2265 qui
703 2213 765 2254 ita
795 2213 1022 2266 explanet,
1072 2218 1117 2254 ut
1154 2213 1269 2267 prior
1307 2211 1478 2265 quidem
1496 2219 1534 2250 ‘a
1563 2211 1619 2253 ad

116 2281 293 2335 stirpem
324 2277 538 2333 pertineat
579 2276 644 2324 (ef.
678 2277 809 2319 etiam
842 2276 1029 2320 Grassm.
1062 2278 1089 2319 l.
1121 2291 1155 2320 c.
1188 2280 1280 2328 94),
1331 2276 1452 2331 —J'ami
1478 2280 1619 2319 autem

115 2357 323 2400 praesens
353 2343 408 2386 sit
438 2341 560 2385 verbi
588 2341 643 2395 ja
672 2364 727 2375 =
757 2343 819 2381 ire
853 2341 1108 2396 (bharajami
1138 2364 1193 2375 =
1228 2347 1445 2396 portatum
1475 2354 1535 2387 eo,
1568 2341 1619 2383 cf.

117 2424 277 2459 ven-eo,
299 2408 350 2464 je
380 2409 469 2449 vais
485 2406 623 2462 faire,
657 2420 739 2453 „zu
775 2405 947 2448 Grande
974 2406 1145 2461 yeh0n“‚
1181 2420 1265 2454 „zu
1296 2406 1419 2448 Ende
1446 2405 1617 2459 yeken“‚

212 2576 252 2618 ¹⁰)
277 2575 509 2618 „Prepldtatu
535 2574 605 2617 (die
630 2573 755 2616 Lange
781 2571 841 2606 des
869 2583 886 2604 o
911 2571 959 2606 ist
983 2570 1098 2606 durch
1123 2570 1180 2606 die
1204 2570 1379 2615 gedehnte
1403 2569 1511 2606 Form
1536 2583 1617 2615 pre-

116 2631 303 2672 plolzotatu
327 2628 519 2673 gesichert)
545 2629 700 2673 glauben
720 2627 786 2661 wir
801 2636 866 2661 aus
889 2626 1161 2669 *proplavz'catu
1185 2645 1228 2650 —
1254 2623 1478 2660 entstanden.
1515 2625 1627 2660 Naclr

122 2683 263 2719 Ausfall
288 2683 349 2718 des
378 2686 391 2715 ί
415 2682 584 2717 entstand
607 2682 656 2717 im
679 2681 802 2716 Praes.
828 2681 951 2715 zuerst
974 2680 1217 2723 preplau-tau,
1243 2678 1340 2714 dann
1363 2679 1618 2722 pre-plo-tau.“
