1803 3230
148 268 227 308 156
816 243 997 319 Mangold'

144 401 221 428 rao
272 386 486 443 γνωρίζω.
566 387 696 430 Plura
746 393 970 431 enumerat
1010 388 1061 431 G.
1094 388 1281 441 Curtius,
1324 387 1570 442 ‚‚Verbum“
1610 391 1641 442 I,

143 468 185 509 p.
219 455 314 505 329,
346 455 442 496 343.

257 519 427 562 Deinde
465 519 603 561 latina
642 520 776 562 verba
813 520 977 574 primae
1014 521 1180 574 conjug.
1220 534 1247 562 a
1281 519 1493 562 secundae
1532 521 1641 575 conj.

143 598 229 627 non
259 596 388 639 posse
418 584 655 638 segregari,
699 584 1036 628 luculentissime
1065 589 1245 640 apparet
1275 598 1298 628 e
1328 584 1458 628 variis
1488 585 1544 628 ab
1575 598 1644 629 ea-

145 650 241 694 dem
281 650 414 706 stirpe
454 650 596 692 denso-
634 651 777 693 verbis
817 650 1020 694 derivatis
1060 651 1235 692 densare
1272 655 1314 694 et
1356 651 1547 705 densere,
1588 652 1639 694 cf.

142 730 295 757 necare
325 721 367 758 et
396 729 547 757 nocere
576 715 708 763 (Curt.
737 716 803 758 El.
835 717 902 758 Et.
935 719 1044 766 154).

258 783 369 823 Tum
400 795 488 824 non
513 782 649 824 solum
680 781 904 823 verborum
935 782 979 823 in
1010 794 1077 821 -ao
1116 784 1214 823 sunt
1247 793 1384 835 pauca
1414 794 1486 827 ea,
1531 794 1640 836 quae

142 847 310 900 graecis
340 847 470 901 plane
500 845 810 901 respondeant,
843 845 941 898 sed,
981 845 1094 899 quod
1125 845 1374 888 Corssenius
1404 846 1497 900 ipse
1526 847 1641 890 haud

141 912 312 965 ignorat
343 911 413 966 (cf.
444 911 507 963 ΙΙ,
541 909 665 965 732),
707 910 834 952 etiam
866 923 889 952 e
921 911 1143 953 verborum
1181 910 1224 952 in
1262 924 1332 951 -eo
1371 911 1642 956 multitudine

143 981 307 1031 septem
336 980 501 1018 tantum
532 975 684 1017 afferre
714 980 855 1029 potest
884 976 932 1017 L.
962 976 1158 1029 Meyerus
1187 975 1216 1016 1.
1243 988 1279 1017 c.
1310 978 1360 1016 21
1394 988 1499 1029 sqq„
1532 990 1642 1030 quae

142 1055 235 1084 cum
265 1041 430 1095 graecis
451 1048 717 1082 communem
748 1040 938 1083 habeant
958 1040 1145 1095 stirpem.
1186 1040 1337 1094 Itaque
1358 1040 1487 1083 etiam
1508 1043 1641 1086 verba

140 1107 184 1149 in
213 1120 278 1147 -eo
310 1120 336 1149 a
364 1105 530 1160 graecis
559 1105 604 1147 in
634 1121 715 1148 -εω
756 1105 1026 1160 sejungenda
1065 1110 1186 1148 erant
1217 1104 1455 1148 Corssenio.
1514 1108 1640 1151 Adde

140 1172 252 1224 quod
282 1185 370 1213 non
401 1171 537 1212 solum
569 1170 612 1211 in
651 1170 816 1221 verbis,
863 1170 940 1213 sed
971 1171 1099 1213 etiam
1129 1170 1174 1211 in
1205 1169 1448 1213 nominibus
1487 1172 1638 1215 eadem

139 1237 325 1278 varietas
356 1235 633 1289 conspicitur3
681 1247 704 1277 e
734 1235 881 1277 multis
912 1236 1024 1278 enim
1054 1234 1301 1288 adjectivis,
1334 1248 1512 1288 quorum
1542 1236 1640 1279 cha-

136 1306 274 1344 racter
306 1305 371 1344 est
410 1314 455 1354 0,
486 1303 693 1352 ‘quattuor
734 1304 900 1341 tantum
943 1300 1067 1342 affert
1105 1300 1152 1341 L.
1192 1299 1407 1354 Meyerus,
1461 1314 1637 1355 quorum

137 1366 264 1420 stirps
304 1370 367 1408 est
406 1364 559 1408 eadem
597 1364 642 1406 in
680 1369 860 1418 utraque
889 1365 1056 1419 lingua:
1109 1364 1283 1417 ὄολιχο-
1313 1366 1455 1419 lonqo-
1494 1364 1638 1421 (aliter

138 1430 251 1473 Curt.
274 1431 301 1472 1.
324 1443 358 1472 c.
387 1429 499 1485 173),
531 1430 661 1482 λοξο-
692 1430 825 1483 lux-07
857 1445 1007 1484 μωρο-
1036 1433 1181 1482 mbr0-‚
1214 1434 1414 1485 σκαμβο-
1443 1433 1635 1475 scambo-.

249 1496 469 1539 Postremo
500 1495 640 1550 Boppi
678 1496 892 1538 sententia
930 1494 984 1538 de
1013 1496 1224 1538 communi
1255 1496 1418 1551 origine
1449 1499 1635 1541 omnium

135 1562 361 1605 verborum
393 1565 707 1604 contractorum
746 1559 1016 1602 confirmatur
1046 1573 1108 1612 eo,
1155 1561 1268 1613 quod
1307 1562 1440 1604 verba
1476 1562 1554 1605 illa
1583 1577 1635 1606 ex

136 1626 300 1668 eisdem
331 1627 549 1667 nominum
581 1625 789 1667 classibus
819 1626 863 1667 in
894 1629 1073 1679 utraque
1111 1624 1259 1679 lingua
1298 1625 1546 1670 derivantur
1574 1633 1636 1670 at-

136 1704 218 1745 que
249 1690 400 1734 eodem
431 1689 754 1744 significationis
774 1691 945 1732 vinculo
976 1704 1070 1732 cum
1100 1690 1343 1734 nominibus
1374 1693 1637 1747 conjungun-

134 1760 214 1798 tur.
275 1756 343 1797 Ita
373 1760 414 1797 et
443 1767 600 1809 graeca
639 1758 681 1797 et
719 1755 854 1796 latina
893 1755 1024 1797 verba
1053 1756 1097 1796 in
1126 1768 1194 1795 -ao
1224 1768 1251 1798 a
1281 1756 1561 1801 substantivis
1590 1758 1634 1801 in

135 1823 163 1862 (ἶ
195 1820 390 1864 derivata
421 1833 515 1863 eam
546 1819 709 1878 habent
738 1819 845 1871 vim,
886 1824 932 1862 ut
961 1819 1220 1873 significent,
1258 1821 1444 1875 aliquem
1474 1822 1519 1864 id
1549 1823 1635 1865 effi-

132 1899 228 1929 cere
258 1887 328 1928 vel
360 1886 403 1927 in
435 1898 486 1927 eo
519 1897 613 1927 esse
644 1888 778 1934 statu,
824 1884 894 1938 qui
934 1884 1107 1926 nomine
1145 1884 1221 1926 illo
1255 1884 1500 1941 denotetur3
1546 1889 1633 1932 alia

130 1955 274 1995 autem
322 1950 456 1994 verba
502 1950 639 1993 latina
691 1949 735 1991 in
788 1963 857 1990 -ao
911 1954 953 1992 et
1001 1949 1336 1994 conformatione
1386 1952 1537 1996 eadem
1581 1967 1632 1997 ac

129 2086 274 2121 dialecti
297 2085 435 2121 formae
459 2082 579 2123 πιάζω
607 2096 629 2117 α
653 2094 725 2119 non
750 2094 794 2119 ex
818 2096 834 2118 ε
858 2088 938 2119 orta
970 2087 1025 2120 est
1055 2105 1101 2110 —
1125 2094 1240 2129 neque
1265 2085 1357 2120 enim
1380 2099 1400 2132 ρ
1427 2086 1543 2122 vicina
1567 2092 1632 2130 est,

128 2141 273 2185 Brugm.
300 2139 449 2183 ,‚Stud.“
475 2138 518 2182 V,
544 2141 609 2174 328
642 2158 685 2164 -
720 2137 783 2173 sed
814 2138 937 2183 potius
963 2139 1086 2175 eodem
1110 2139 1390 2176 assimulationis
1415 2134 1560 2177 'fastidio
1584 2143 1630 2178 ab

127 2194 388 2239 antiquissimis
412 2193 638 2238 temporibus
672 2196 814 2228 servata
844 2197 917 2234 est,
954 2193 1006 2228 ita
1039 2197 1079 2228 ut
1111 2194 1227 2233 πιάζω
1260 2194 1368 2229 etiam
1399 2194 1630 2230 vetustiorem

126 2249 280 2284 haberet
305 2248 462 2282 colorem
487 2257 594 2291 quam
617 2248 764 2290 *msam
813 2246 954 2281 Eadem
986 2246 1029 2281 de
1063 2256 1174 2282 causa
1198 2260 1221 2279 α
1247 2257 1388 2293 semper
1411 2251 1553 2283 servata
1576 2253 1632 2285 est

126 2305 211 2348 post
237 2314 249 2335 ι
272 2302 309 2336 in
335 2301 385 2337 eis
418 2300 538 2342 verbis
566 2299 603 2334 in
636 2301 782 2344 -ajami,
821 2310 914 2344 quae
945 2300 991 2336 ad
1022 2301 1166 2336 nomina
1197 2300 1321 2336 suffixi
1357 2302 1412 2344 -ja
1448 2303 1527 2344 (-ιο)
1561 2313 1629 2347 ope

127 2357 282 2392 formata
312 2358 541 2396 revocantur,
579 2364 796 2398 quamquam
828 2364 893 2398 pro
926 2354 1187 2398 significatione
1216 2354 1254 2388 in
1279 2366 1340 2387 -εω
1368 2355 1489 2400 potius
1513 2356 1568 2391 vel
1590 2356 1628 2392 in

126 2411 205 2450 ·ιζω
244 2409 341 2445 exire
376 2408 565 2451 deberent,
609 2411 651 2442 ut
685 2411 836 2453 apparet
871 2418 891 2443 e
926 2408 1141 2454 synonymis,
1181 2418 1210 2444 e.
1247 2418 1281 2453 g.
1319 2405 1449 2455 ἀφρέω
1487 2406 1626 2456 ἀφρίζω

127 2463 301 2511 ἀφριάω,
348 2464 491 2498 καπνέω
528 2460 689 2502 καπνίζω
726 2461 915 2501 καπνιάω,
955 2460 1205 2508 ἑποφθαλμέω
1244 2461 1509 2508 ἐποφθαλμίζω
1545 2463 1628 2499 ἔπο-

127 2517 333 2564 φθαλμιάω
359 2517 419 2560 (cf.
444 2518 534 2553 Lob.
560 2517 688 2552 Rhem.
714 2520 805 2559 230),
831 2527 922 2561 quac
947 2517 1067 2552 omnia
1091 2527 1113 2552 a
1136 2516 1400 2561 significatione
1424 2517 1510 2552 nihil
1532 2517 1627 2554 inter

127 2583 164 2608 se
188 2573 406 2617 discrepant.
441 2569 608 2605 καπνιάω
632 2571 754 2616 igitur,
779 2571 809 2606 si
833 2569 996 2605 accurati
1019 2580 1097 2605 esse
1119 2569 1280 2614 velimus,
1304 2581 1376 2607 non
1399 2570 1446 2605 ad
1468 2583 1626 2615 καπνιο-,

127 2626 189 2662 sed
212 2627 259 2662 ad
283 2627 467 2670 *leapnia-
492 2625 736 2662 revocandum
761 2628 828 2660 est.
865 2645 909 2649 —
944 2623 1116 2659 Latinum
1138 2622 1247 2668 igit-ur
1270 2633 1389 2668 pisare
1421 2635 1463 2660 eo
1486 2627 1626 2662 tantum

128 2679 245 2716 differt
268 2690 290 2716 a
312 2680 434 2723 πιέζω,
460 2680 555 2724 quod
580 2690 601 2715 a
625 2680 737 2725 stirpe
762 2678 877 2714 nasali
900 2682 1009 2714 aucta
1031 2680 1130 2722 pins·
1156 2677 1354 2715 derivatum
1378 2681 1443 2715 est.
