1803 3230
148 283 226 323 198
811 281 983 327 Mangold

144 398 339 457 στήομεν
370 397 622 452 quantitatis
652 396 986 453 transpositione
1016 397 1178 441 abeunt
1205 397 1250 440 in
1281 400 1476 451 θέωμεν,
1510 401 1650 442 στέω-

142 463 281 518 pamm)
314 477 453 517 neque
483 477 585 507 vero
617 461 840 516 *ὄόωμεν,
872 460 1112 516 *γνόωμεν.

258 528 321 572 Of.
365 527 420 571 de
464 527 532 572 his
574 527 788 582 conjunct.
834 526 1042 582 imprimis
1087 526 1256 571 Stieri
1302 526 1403 570 diss.
1449 526 1493 570 in
1535 526 1646 571 Curt.

123 594 326 649 „Studf‘
357 595 421 648 ΙΙ,
458 597 535 637 127
568 607 660 648 sqq.
707 597 749 636 et
779 591 928 634 Curti
958 592 1058 634 adn.
1089 593 1147 636 ad
1185 608 1226 649 p.
1261 594 1353 635 133.
1414 593 1479 636 De
1510 593 1650 636 vocali

143 659 377 703 thematica
416 658 618 703 disseruit
650 657 867 702 Curtius
905 671 1008 711 „zur
1039 657 1270 702 Chronol.“
1309 672 1349 712 p.
1382 659 1462 698 227
1496 671 1557 712 sq.
1593 682 1648 687 -—-

142 723 305 769 Omnes
334 724 494 768 formas
515 725 765 767 Homericas
794 723 974 766 collecta
1005 723 1140 767 habes
1169 723 1284 780 apud
1304 722 1556 766 Kuhnerum
1574 736 1648 778 gr.

143 793 239 844 gr.·2
270 791 303 843 Ι,
337 793 419 832 652
451 803 512 843 sq.

261 894 299 933 3.
356 888 511 939 σάος,
545 889 699 939 σόος,
733 894 875 940 σῶος
897 894 947 932 et
969 904 1104 943 quae
1125 891 1188 932 ab
1211 890 1292 933 his
1314 890 1647 933 derivantur.

259 970 416 1011 Buttm.
448 969 473 1019 ξ
507 970 557 1009 61
592 967 693 1009 adn.
726 970 750 1009 3
784 967 940 1025 docuit,
974 967 1085 1018 σάος
1116 968 1308 1011 contrahi
1338 969 1383 1011 in
1416 972 1527 1020 σιῦς,
1561 968 1649 1010 tum

145 1038 236 1084 σιῦς
268 1033 448 1076 distrahi
479 1032 523 1074 in
557 1037 675 1082 σιῦος
706 1032 823 1083 (item
855 1033 1051 1075 Eustath.
1085 1036 1151 1087 63,
1180 1036 1217 1087 6,
1250 1033 1411 1076 Mehlh.
1448 1035 1556 1083 190),
1587 1033 1651 1075 id-

142 1112 224 1154 que
265 1098 309 1140 in
350 1096 458 1148 σόος
489 1097 657 1152 corripi.
727 1097 1063 1154 Distractionemv
1102 1099 1221 1141 illam
1261 1099 1361 1153 jure
1391 1099 1650 1154 improbavit

140 1165 246 1207 Lob.
279 1164 345 1205 El.
378 1164 410 1215 Ι,
444 1166 547 1215 302,
595 1163 696 1216 quia
736 1167 853 1212 σῶος
897 1177 985 1205 non
1025 1164 1238 1217 epicorum
1271 1165 1487 1219 proprium
1519 1169 1647 1217 esset,

142 1228 219 1273 sed
251 1228 296 1270 in
327 1240 594 1271 communem
625 1241 747 1271 usum
779 1232 1011 1284 receptum.

255 1294 412 1335 Forma
442 1293 694 1347 principalis
725 1293 875 1335 horum
897 1293 1208 1347 adjectivorum
1230 1298 1294 1336 est
1323 1292 1518 1343 *odf-og
1551 1292 1647 1348 (pro

141 1362 365 1408 *axaf-og
381 1379 437 1392 =
452 1361 602 1411 tectus,
624 1360 752 1411 tutus,
785 1371 825 1401 v.
849 1357 1019 1413 Brugm.
1041 1359 1070 1401 l.
1093 1372 1127 1401 c.
1155 1362 1232 1402 155
1254 1357 1355 1401 adn.
1378 1357 1466 1414 71).
1498 1375 1526 1401 J·-
1548 1371 1647 1402 vero

141 1424 321 1479 explosa
351 1428 416 1466 est
446 1428 519 1465 aut
539 1423 632 1466 sine
654 1423 935 1477 productione
956 1426 1220 1479 suppletoria
1240 1430 1315 1466 aut
1335 1438 1428 1466 cum
1451 1437 1522 1476 ea}
1555 1425 1648 1467 sine

140 1488 262 1543 prod.
294 1488 434 1542 suppl.
466 1489 532 1530 in:

256 1556 298 1603 a)
341 1552 476 1604 σάος
523 1577 577 1583 —
629 1552 738 1595 σάον
781 1566 869 1596 var.
902 1554 999 1597 lect.
1042 1558 1093 1597 H
1119 1556 1201 1595 252
1253 1552 1323 1608 (cf.
1356 1554 1461 1596 Lob.
1495 1553 1558 1596 El.
1590 1554 1645 1607 ΙΙ,

146 1617 260 1672 121),
293 1616 521 1672 σαώτερος
554 1620 603 1659 Α
635 1620 702 1659 32.
755 1616 994 1674 σαό-φρων
1027 1617 1052 1659 ὁ
1087 1620 1178 1660 158.
1214 1622 1255 1659 Φ
1284 1621 1379 1660 462.
1422 1634 1647 1676 σαο-φρο-

145 1682 253 1741 σόνη
288 1692 326 1737 ψ
361 1685 424 1725 13.
457 1684 523 1725 30.

258 1749 301 1795 b)
333 1746 489 1800 σόος,
522 1747 644 1801 cujus
675 1749 790 1802 prior
821 1749 981 1791 vocalis
1011 1762 1088 1803 per
1117 1766 1144 1790 J·-
1175 1750 1400 1792 obscurata
1430 1754 1506 1802 est,
1539 1750 1647 1792 sicut

142 1813 306 1864 κοῖλος,
340 1812 545 1863 κοῈ-ιλος
575 1826 602 1854 a
631 1812 723 1855 rad.
756 1828 851 1855 καῖ.

256 1876 363 1928 σόος
392 1881 440 1919 Ν
465 1880 559 1920 773.
589 1894 618 1930 χ
639 1880 735 1920 332.
768 1895 788 1921 ε
812 1881 907 1921 305.
939 1895 962 1920 0
986 1879 1053 1921 42.
1086 1895 1121 1921 π
1145 1882 1236 1922 131.
1267 1896 1293 1921 τ
1323 1882 1418 1922 300.
1452 1895 1479 1932 χ
1501 1881 1553 1922 38
1576 1879 1648 1931 (de

140 1948 231 1994 σῶς
251 1942 556 1986 nonnullorum
586 1943 775 1985 locorum
800 1957 839 1985 v.
869 1944 932 1986 La
952 1944 1097 1987 Roche
1122 1944 1275 1998 ‚,Hom.
1300 1943 1509 1988 Textkr.“
1530 1944 1646 2000 358).

256 2006 364 2051 σόον
415 2009 481 2058 (Α
516 2010 626 2057 117).
676 2011 729 2050 Η
755 2011 851 2051 310.
902 2011 940 2053 Θ
973 2011 1068 2051 246.
1119 2012 1171 2052 Π
1196 2011 1291 2053 252.
1339 2013 1377 2053 Ρ
1403 2013 1484 2055 367
1535 2011 1645 2067 (σῶν

138 2074 293 2130 Lips.).

255 2138 358 2182 σόοι
390 2139 440 2180 Α
472 2141 566 2180 344.
619 2141 657 2180 Ε
687 2142 781 2183 531.
835 2139 860 2181 ὁ
891 2140 957 2181 98.
1015 2138 1097 2196 σόη
1137 2141 1172 2182 Ο
1207 2142 1302 2183 497.
1355 2140 1465 2191 σόας
1498 2146 1524 2183 Ι
1551 2144 1644 2185 230.

140 2203 227 2247 σόα
260 2204 300 2245 Ω
333 2205 429 2246 382.
462 2221 484 2246 ν
516 2208 611 2247 364.

255 2271 294 2320 c)
335 2272 443 2320 σιῦς
474 2281 498 2312 e
529 2267 640 2320 σάος
671 2272 956 2322 contractum,
996 2268 1047 2312 cf.
1079 2269 1183 2311 Lob.
1218 2269 1283 2311 El.
1315 2268 1371 2322 II,
1407 2271 1472 2312 76.
1532 2271 1646 2316 Male

138 2335 403 2378 Philoxenus
444 2347 467 2377 e
509 2332 617 2383 σόος
655 2339 790 2377 ortum
830 2338 975 2388 putat,
1019 2335 1180 2388 optime
1212 2334 1482 2378 Herodianus
1519 2342 1592 2379 aut
1623 2352 1646 2381 e

141 2398 251 2450 σάος
271 2404 346 2443 aut
365 2412 389 2443 e
413 2403 533 2450 σῶος
556 2397 838 2441 derivandum
869 2411 963 2442 esse
993 2398 1119 2441 doc-et
1149 2399 1182 2451 Ι,
1205 2401 1300 2453 403,
1324 2401 1391 2442 21.
1421 2399 1478 2454 ΙΙ,
1501 2403 1567 2455 53,
1591 2404 1644 2445 29

141 2465 209 2515 (cf.
240 2466 300 2509 Io.
332 2466 399 2509 Al.
431 2466 459 2508 l.
486 2479 513 2508 a
543 2465 690 2508 Lentz.
723 2464 796 2507 all.
828 2463 884 2516 II,
917 2465 1013 2517 317,
1044 2466 1128 2514 25).
1189 2465 1281 2519 Ego
1312 2478 1335 2509 e
1367 2464 1477 2517 σάος
1508 2472 1644 2511 ortum

232 2634 276 2678 ³⁰)
310 2634 448 2679 Injuria
470 2635 651 2671 Mistelius
676 2633 719 2669 K.
744 2633 784 2668 Z.
809 2632 906 2676 XVI,
932 2635 974 2667 84
1007 2632 1083 2668 vice
1113 2643 1215 2669 versa
1248 2633 1419 2680 στήομεν,
1454 2634 1591 2682 βήομεν
1622 2647 1642 2672 e

139 2688 321 2735 στάωμεν,
345 2686 493 2735 βάωμεν
518 2689 696 2735 (στέωμεν
719 2687 873 2733 βὲωμεν)
900 2690 979 2723 orta
1004 2696 1082 2722 esse
1106 2689 1219 2732 putat.
