<?xml version="1.0" encoding="UTF-8"?>
<!DOCTYPE html PUBLIC "-//W3C//DTD XHTML 1.0 Transitional//EN"
    "http://www.w3.org/TR/xhtml1/DTD/xhtml1-transitional.dtd">
<html xmlns="http://www.w3.org/1999/xhtml" xml:lang="en" lang="en">
 <head>
  <title>
</title>
<meta http-equiv="Content-Type" content="text/html;charset=utf-8" />
  <meta name='ocr-system' content='tesseract 3.04.00' />
  <meta name='ocr-capabilities' content='ocr_page ocr_carea ocr_par ocr_line ocrx_word'/>
</head>
<body>
  <div class='ocr_page' id='page_1' title='image "4627545_0022.png"; bbox 0 0 1803 3230; ppageno 0'>
   <div class='ocr_carea' id='block_1_1' title="bbox 157 289 998 338">
    <p class='ocr_par' dir='ltr' id='par_1_1' title="bbox 157 289 998 338">
     <span class='ocr_line' id='line_1_1' title="bbox 157 289 998 338; baseline 0.001 -11"><span class='ocrx_word' id='word_1_1' title='bbox 157 289 234 328; x_wconf 88' lang='grc'><strong>154</strong></span> <span class='ocrx_word' id='word_1_2' title='bbox 827 293 998 338; x_wconf 86' lang='lat' dir='ltr'><strong>Mangold</strong></span> 
     </span>
    </p>
   </div>
   <div class='ocr_carea' id='block_1_2' title="bbox 146 407 1704 2557">
    <p class='ocr_par' dir='ltr' id='par_1_2' title="bbox 151 407 1655 659">
     <span class='ocr_line' id='line_1_2' title="bbox 153 407 1655 462; baseline 0.001 -12"><span class='ocrx_word' id='word_1_3' title='bbox 153 408 312 450; x_wconf 87' lang='lat' dir='ltr'><strong>habeat</strong></span> <span class='ocrx_word' id='word_1_4' title='bbox 342 420 533 456; x_wconf 82' lang='lat' dir='ltr'><strong>causam,</strong></span> <span class='ocrx_word' id='word_1_5' title='bbox 574 407 635 448; x_wconf 86' lang='lat' dir='ltr'><strong>ita</strong></span> <span class='ocrx_word' id='word_1_6' title='bbox 674 411 720 448; x_wconf 90' lang='lat' dir='ltr'><strong>ut</strong></span> <span class='ocrx_word' id='word_1_7' title='bbox 762 408 1012 462; x_wconf 87' lang='lat' dir='ltr'><strong>singillatim</strong></span> <span class='ocrx_word' id='word_1_8' title='bbox 1052 409 1224 451; x_wconf 87' lang='lat' dir='ltr'><strong>tractari</strong></span> <span class='ocrx_word' id='word_1_9' title='bbox 1254 407 1460 459; x_wconf 87' lang='lat' dir='ltr'><strong>debcant,</strong></span> <span class='ocrx_word' id='word_1_10' title='bbox 1506 408 1550 450; x_wconf 90' lang='lat' dir='ltr'><strong>in</strong></span> <span class='ocrx_word' id='word_1_11' title='bbox 1582 421 1655 451; x_wconf 88' lang='lat' dir='ltr'><strong>ex·</strong></span> 
     </span>
     <span class='ocr_line' id='line_1_3' title="bbox 151 472 1653 529; baseline 0 -13"><span class='ocrx_word' id='word_1_12' title='bbox 151 478 287 517; x_wconf 88' lang='lat' dir='ltr'><strong>trema</strong></span> <span class='ocrx_word' id='word_1_13' title='bbox 338 472 507 516; x_wconf 92' lang='lat' dir='ltr'><strong>demum</strong></span> <span class='ocrx_word' id='word_1_14' title='bbox 567 472 880 517; x_wconf 82' lang='lat' dir='ltr'><strong>dissertationis</strong></span> <span class='ocrx_word' id='word_1_15' title='bbox 939 478 1060 528; x_wconf 85' lang='lat' dir='ltr'><strong>parte</strong></span> <span class='ocrx_word' id='word_1_16' title='bbox 1119 473 1334 529; x_wconf 89' lang='lat' dir='ltr'><strong>explicare</strong></span> <span class='ocrx_word' id='word_1_17' title='bbox 1393 472 1653 516; x_wconf 83' lang='lat' dir='ltr'><strong>conabimur.</strong></span> 
     </span>
     <span class='ocr_line' id='line_1_4' title="bbox 152 538 1654 595; baseline -0.001 -13"><span class='ocrx_word' id='word_1_18' title='bbox 152 540 310 583; x_wconf 91' lang='lat' dir='ltr'><strong>Verum</strong></span> <span class='ocrx_word' id='word_1_19' title='bbox 340 538 385 581; x_wconf 87' lang='lat' dir='ltr'><strong>in</strong></span> <span class='ocrx_word' id='word_1_20' title='bbox 416 538 644 581; x_wconf 81' lang='lat' dir='ltr'><strong>verborum</strong></span> <span class='ocrx_word' id='word_1_21' title='bbox 673 539 718 580; x_wconf 88' lang='lat' dir='ltr'><strong>in</strong></span> <span class='ocrx_word' id='word_1_22' title='bbox 749 555 838 581; x_wconf 84' lang='grc' dir='ltr'><strong>-αω</strong></span> <span class='ocrx_word' id='word_1_23' title='bbox 874 539 1019 583; x_wconf 89' lang='lat' dir='ltr'><strong>formis</strong></span> <span class='ocrx_word' id='word_1_24' title='bbox 1051 539 1336 595; x_wconf 83' lang='lat' dir='ltr'><strong>explanandis</strong></span> <span class='ocrx_word' id='word_1_25' title='bbox 1367 539 1494 581; x_wconf 90' lang='lat' dir='ltr'><strong>cardo</strong></span> <span class='ocrx_word' id='word_1_26' title='bbox 1526 539 1654 581; x_wconf 78' lang='lat' dir='ltr'><strong>verti-</strong></span> 
     </span>
     <span class='ocr_line' id='line_1_5' title="bbox 152 605 686 659; baseline -0.004 -11"><span class='ocrx_word' id='word_1_27' title='bbox 152 611 219 648; x_wconf 87' lang='lat' dir='ltr'><strong>tur</strong></span> <span class='ocrx_word' id='word_1_28' title='bbox 248 605 377 648; x_wconf 84' lang='lat' dir='ltr'><strong>totius</strong></span> <span class='ocrx_word' id='word_1_29' title='bbox 409 605 686 659; x_wconf 79' lang='lat' dir='ltr'><strong>quaestionis.</strong></span> 
     </span>
    </p>

    <p class='ocr_par' dir='ltr' id='par_1_3' title="bbox 151 670 1654 845">
     <span class='ocr_line' id='line_1_6' title="bbox 265 670 1652 725; baseline -0.001 -12"><span class='ocrx_word' id='word_1_30' title='bbox 265 671 335 713; x_wconf 91' lang='lat' dir='ltr'><strong>Ad</strong></span> <span class='ocrx_word' id='word_1_31' title='bbox 355 684 484 725; x_wconf 90' lang='lat' dir='ltr'><strong>quam</strong></span> <span class='ocrx_word' id='word_1_32' title='bbox 506 670 830 725; x_wconf 80' lang='lat' dir='ltr'><strong>dijudicandam</strong></span> <span class='ocrx_word' id='word_1_33' title='bbox 851 675 897 712; x_wconf 92' lang='lat' dir='ltr'><strong>ut</strong></span> <span class='ocrx_word' id='word_1_34' title='bbox 911 670 1073 712; x_wconf 89' lang='lat' dir='ltr'><strong>firmum</strong></span> <span class='ocrx_word' id='word_1_35' title='bbox 1089 670 1411 714; x_wconf 87' lang='lat' dir='ltr'><strong>fundamentum</strong></span> <span class='ocrx_word' id='word_1_36' title='bbox 1428 675 1652 722; x_wconf 83' lang='lat' dir='ltr'><strong>struamus,</strong></span> 
     </span>
     <span class='ocr_line' id='line_1_7' title="bbox 152 736 1654 792; baseline 0 -13"><span class='ocrx_word' id='word_1_37' title='bbox 152 737 323 780; x_wconf 91' lang='lat' dir='ltr'><strong>illorum</strong></span> <span class='ocrx_word' id='word_1_38' title='bbox 370 738 597 780; x_wconf 85' lang='lat' dir='ltr'><strong>verborum</strong></span> <span class='ocrx_word' id='word_1_39' title='bbox 652 736 857 790; x_wconf 84' lang='lat' dir='ltr'><strong>originem</strong></span> <span class='ocrx_word' id='word_1_40' title='bbox 909 741 950 779; x_wconf 87' lang='lat' dir='ltr'><strong>et</strong></span> <span class='ocrx_word' id='word_1_41' title='bbox 1002 750 1272 791; x_wconf 86' lang='lat' dir='ltr'><strong>progressum</strong></span> <span class='ocrx_word' id='word_1_42' title='bbox 1327 742 1520 792; x_wconf 81' lang='lat' dir='ltr'><strong>spectare</strong></span> <span class='ocrx_word' id='word_1_43' title='bbox 1582 748 1654 779; x_wconf 88' lang='lat' dir='ltr'><strong>ne-</strong></span> 
     </span>
     <span class='ocr_line' id='line_1_8' title="bbox 151 794 760 845; baseline -0.005 0"><span class='ocrx_word' id='word_1_44' title='bbox 151 815 272 845; x_wconf 90' lang='lat' dir='ltr'><strong>cesse</strong></span> <span class='ocrx_word' id='word_1_45' title='bbox 303 808 380 845; x_wconf 88' lang='lat' dir='ltr'><strong>est.</strong></span> <span class='ocrx_word' id='word_1_46' title='bbox 754 794 760 799; x_wconf 85' lang='grc'><strong>’</strong></span> 
     </span>
    </p>

    <p class='ocr_par' dir='ltr' id='par_1_4' title="bbox 148 866 1657 1575">
     <span class='ocr_line' id='line_1_9' title="bbox 266 866 1652 922; baseline -0.002 -12"><span class='ocrx_word' id='word_1_47' title='bbox 266 868 408 922; x_wconf 86' lang='lat' dir='ltr'><strong>Atque</strong></span> <span class='ocrx_word' id='word_1_48' title='bbox 448 868 629 922; x_wconf 89' lang='lat' dir='ltr'><strong>primum</strong></span> <span class='ocrx_word' id='word_1_49' title='bbox 672 866 842 921; x_wconf 90' lang='lat' dir='ltr'><strong>quidem</strong></span> <span class='ocrx_word' id='word_1_50' title='bbox 883 871 925 909; x_wconf 90' lang='lat' dir='ltr'><strong>ct</strong></span> <span class='ocrx_word' id='word_1_51' title='bbox 962 880 1117 921; x_wconf 88' lang='lat' dir='ltr'><strong>graeca</strong></span> <span class='ocrx_word' id='word_1_52' title='bbox 1153 868 1286 910; x_wconf 88' lang='lat' dir='ltr'><strong>verba</strong></span> <span class='ocrx_word' id='word_1_53' title='bbox 1323 868 1368 909; x_wconf 90' lang='lat' dir='ltr'><strong>in</strong></span> <span class='ocrx_word' id='word_1_54' title='bbox 1406 883 1508 917; x_wconf 86' lang='grc' dir='ltr'>-αω,</span> <span class='ocrx_word' id='word_1_55' title='bbox 1555 881 1652 917; x_wconf 83' lang='grc' dir='ltr'>-εω,</span> 
     </span>
     <span class='ocr_line' id='line_1_10' title="bbox 153 932 1655 989; baseline -0.001 -13"><span class='ocrx_word' id='word_1_56' title='bbox 153 950 253 985; x_wconf 85' lang='grc' dir='ltr'>-οω,</span> <span class='ocrx_word' id='word_1_57' title='bbox 288 932 434 988; x_wconf 81' lang='grc' dir='ltr'>(-αζω,</span> <span class='ocrx_word' id='word_1_58' title='bbox 466 932 590 989; x_wconf 80' lang='grc' dir='ltr'>-ιζω)</span> <span class='ocrx_word' id='word_1_59' title='bbox 623 938 664 976; x_wconf 87' lang='lat' dir='ltr'><strong>et</strong></span> <span class='ocrx_word' id='word_1_60' title='bbox 694 933 832 975; x_wconf 87' lang='lat' dir='ltr'><strong>latina</strong></span> <span class='ocrx_word' id='word_1_61' title='bbox 861 933 905 975; x_wconf 91' lang='lat' dir='ltr'><strong>in</strong></span> <span class='ocrx_word' id='word_1_62' title='bbox 934 947 1005 974; x_wconf 86' lang='lat' dir='ltr'><strong>-ao</strong></span> <span class='ocrx_word' id='word_1_63' title='bbox 1028 935 1132 986; x_wconf 83' lang='lat'><strong>(-0),</strong></span> <span class='ocrx_word' id='word_1_64' title='bbox 1160 948 1245 987; x_wconf 81' lang='lat' dir='ltr'><strong>-eo,</strong></span> <span class='ocrx_word' id='word_1_65' title='bbox 1278 935 1339 974; x_wconf 78' lang='lat'>-2&#39;0</span> <span class='ocrx_word' id='word_1_66' title='bbox 1359 946 1452 976; x_wconf 91' lang='lat' dir='ltr'><strong>cum</strong></span> <span class='ocrx_word' id='word_1_67' title='bbox 1474 932 1655 977; x_wconf 90' lang='lat' dir='ltr'><strong>sanscri-</strong></span> 
     </span>
     <span class='ocr_line' id='line_1_11' title="bbox 152 998 1657 1052; baseline 0 -12"><span class='ocrx_word' id='word_1_68' title='bbox 152 999 247 1042; x_wconf 89' lang='lat' dir='ltr'><strong>ticis</strong></span> <span class='ocrx_word' id='word_1_69' title='bbox 276 999 319 1041; x_wconf 89' lang='lat' dir='ltr'><strong>in</strong></span> <span class='ocrx_word' id='word_1_70' title='bbox 350 998 502 1052; x_wconf 67' lang='lat' dir='ltr'><strong>-ajdmz&#39;</strong></span> <span class='ocrx_word' id='word_1_71' title='bbox 520 998 774 1041; x_wconf 89' lang='lat' dir='ltr'><strong>exeuntibus</strong></span> <span class='ocrx_word' id='word_1_72' title='bbox 797 998 1093 1052; x_wconf 88' lang='lat' dir='ltr'><strong>componenda</strong></span> <span class='ocrx_word' id='word_1_73' title='bbox 1115 1011 1221 1052; x_wconf 92' lang='lat' dir='ltr'><strong>esse,</strong></span> <span class='ocrx_word' id='word_1_74' title='bbox 1253 999 1414 1052; x_wconf 90' lang='lat' dir='ltr'><strong>primus</strong></span> <span class='ocrx_word' id='word_1_75' title='bbox 1442 998 1657 1041; x_wconf 84' lang='lat' dir='ltr'><strong>intellexit</strong></span> 
     </span>
     <span class='ocr_line' id='line_1_12' title="bbox 153 1062 1655 1118; baseline 0.001 -13"><span class='ocrx_word' id='word_1_76' title='bbox 153 1064 391 1118; x_wconf 89' lang='lat' dir='ltr'><strong>Boppius</strong></span> <span class='ocrx_word' id='word_1_77' title='bbox 423 1063 549 1117; x_wconf 83' lang='lat' dir='ltr'><strong>„VgL</strong></span> <span class='ocrx_word' id='word_1_78' title='bbox 573 1063 706 1105; x_wconf 81' lang='lat' dir='ltr'><strong>Gr.“3</strong></span> <span class='ocrx_word' id='word_1_79' title='bbox 736 1063 814 1112; x_wconf 89' lang='grc' dir='ltr'>ΙΙΙ,</span> <span class='ocrx_word' id='word_1_80' title='bbox 851 1066 928 1104; x_wconf 88' lang='grc'><strong>114</strong></span> <span class='ocrx_word' id='word_1_81' title='bbox 961 1076 1051 1116; x_wconf 86' lang='lat' dir='ltr'><strong>sqq.</strong></span> <span class='ocrx_word' id='word_1_82' title='bbox 1112 1062 1245 1114; x_wconf 78' lang='lat' dir='ltr'><strong>Quem</strong></span> <span class='ocrx_word' id='word_1_83' title='bbox 1277 1063 1366 1105; x_wconf 87' lang='lat' dir='ltr'><strong>fere</strong></span> <span class='ocrx_word' id='word_1_84' title='bbox 1397 1076 1544 1105; x_wconf 89' lang='lat' dir='ltr'><strong>omnes</strong></span> <span class='ocrx_word' id='word_1_85' title='bbox 1574 1063 1655 1106; x_wconf 91' lang='lat' dir='ltr'><strong>hac</strong></span> 
     </span>
     <span class='ocr_line' id='line_1_13' title="bbox 151 1126 1654 1183; baseline 0 -14"><span class='ocrx_word' id='word_1_86' title='bbox 151 1128 194 1170; x_wconf 91' lang='lat' dir='ltr'><strong>in</strong></span> <span class='ocrx_word' id='word_1_87' title='bbox 224 1141 270 1171; x_wconf 92' lang='lat' dir='ltr'><strong>re</strong></span> <span class='ocrx_word' id='word_1_88' title='bbox 300 1127 433 1170; x_wconf 90' lang='lat' dir='ltr'><strong>secuti</strong></span> <span class='ocrx_word' id='word_1_89' title='bbox 463 1132 581 1180; x_wconf 92' lang='lat' dir='ltr'><strong>sunt,</strong></span> <span class='ocrx_word' id='word_1_90' title='bbox 623 1132 668 1169; x_wconf 89' lang='lat' dir='ltr'><strong>ut</strong></span> <span class='ocrx_word' id='word_1_91' title='bbox 699 1126 866 1169; x_wconf 83' lang='lat' dir='ltr'><strong>Curtius</strong></span> <span class='ocrx_word' id='word_1_92' title='bbox 897 1129 1046 1181; x_wconf 88' lang='lat' dir='ltr'><strong>Temp.</strong></span> <span class='ocrx_word' id='word_1_93' title='bbox 1080 1132 1121 1170; x_wconf 93' lang='lat' dir='ltr'><strong>et</strong></span> <span class='ocrx_word' id='word_1_94' title='bbox 1151 1127 1263 1169; x_wconf 95' lang='lat' dir='ltr'><strong>Mod.</strong></span> <span class='ocrx_word' id='word_1_95' title='bbox 1300 1130 1391 1181; x_wconf 87' lang='lat'><strong>119,</strong></span> <span class='ocrx_word' id='word_1_96' title='bbox 1432 1127 1654 1183; x_wconf 76' lang='lat' dir='ltr'><strong>„Erlaut.“</strong></span> 
     </span>
     <span class='ocr_line' id='line_1_14' title="bbox 156 1190 1652 1249; baseline 0 -15"><span class='ocrx_word' id='word_1_97' title='bbox 156 1196 248 1245; x_wconf 86' lang='lat'><strong>100,</strong></span> <span class='ocrx_word' id='word_1_98' title='bbox 280 1192 461 1246; x_wconf 84' lang='lat' dir='ltr'><strong>„Stud.“</strong></span> <span class='ocrx_word' id='word_1_99' title='bbox 493 1192 572 1246; x_wconf 91' lang='lat' dir='ltr'><strong>III,</strong></span> <span class='ocrx_word' id='word_1_100' title='bbox 599 1195 677 1235; x_wconf 78' lang='lat'><strong>188</strong></span> <span class='ocrx_word' id='word_1_101' title='bbox 700 1206 790 1247; x_wconf 89' lang='lat' dir='ltr'><strong>sqq.</strong></span> <span class='ocrx_word' id='word_1_102' title='bbox 825 1190 915 1248; x_wconf 88' lang='lat' dir='ltr'><strong>(ubi</strong></span> <span class='ocrx_word' id='word_1_103' title='bbox 945 1193 1079 1235; x_wconf 76' lang='lat' dir='ltr'><strong>verba</strong></span> <span class='ocrx_word' id='word_1_104' title='bbox 1110 1205 1276 1249; x_wconf 91' lang='lat' dir='ltr'><strong>quoquc</strong></span> <span class='ocrx_word' id='word_1_105' title='bbox 1307 1192 1350 1234; x_wconf 91' lang='lat' dir='ltr'><strong>in</strong></span> <span class='ocrx_word' id='word_1_106' title='bbox 1383 1209 1504 1244; x_wconf 83' lang='grc' dir='ltr'>-αιω,</span> <span class='ocrx_word' id='word_1_107' title='bbox 1537 1209 1652 1241; x_wconf 84' lang='grc' dir='ltr'>-ειω,</span> 
     </span>
     <span class='ocr_line' id='line_1_15' title="bbox 149 1257 1654 1314; baseline 0 -15"><span class='ocrx_word' id='word_1_108' title='bbox 149 1274 254 1299; x_wconf 84' lang='grc' dir='ltr'><em>-οιω</em></span> <span class='ocrx_word' id='word_1_109' title='bbox 285 1259 368 1300; x_wconf 91' lang='lat' dir='ltr'><strong>huc</strong></span> <span class='ocrx_word' id='word_1_110' title='bbox 397 1258 614 1312; x_wconf 89' lang='lat' dir='ltr'><strong>pertinere</strong></span> <span class='ocrx_word' id='word_1_111' title='bbox 646 1257 1002 1313; x_wconf 87' lang='lat' dir='ltr'><strong>demonstratur),</strong></span> <span class='ocrx_word' id='word_1_112' title='bbox 1045 1259 1132 1300; x_wconf 91' lang='lat' dir='ltr'><strong>Leo</strong></span> <span class='ocrx_word' id='word_1_113' title='bbox 1163 1259 1362 1314; x_wconf 82' lang='lat' dir='ltr'><strong>Meyerus</strong></span> <span class='ocrx_word' id='word_1_114' title='bbox 1393 1259 1519 1312; x_wconf 89' lang='lat' dir='ltr'><strong>„Vgl.</strong></span> <span class='ocrx_word' id='word_1_115' title='bbox 1551 1259 1654 1301; x_wconf 81' lang='lat' dir='ltr'><strong>Gr.“</strong></span> 
     </span>
     <span class='ocr_line' id='line_1_16' title="bbox 150 1322 1655 1380; baseline 0 -14"><span class='ocrx_word' id='word_1_116' title='bbox 150 1323 207 1378; x_wconf 92' lang='grc' dir='ltr'><strong>ΙΙ,</strong></span> <span class='ocrx_word' id='word_1_117' title='bbox 240 1326 264 1367; x_wconf 89' lang='lat'>3</span> <span class='ocrx_word' id='word_1_118' title='bbox 296 1337 386 1378; x_wconf 90' lang='lat' dir='ltr'><strong>sqq.</strong></span> <span class='ocrx_word' id='word_1_119' title='bbox 439 1323 527 1378; x_wconf 92' lang='lat' dir='ltr'><strong>(qui</strong></span> <span class='ocrx_word' id='word_1_120' title='bbox 574 1323 628 1367; x_wconf 92' lang='lat' dir='ltr'><strong>de</strong></span> <span class='ocrx_word' id='word_1_121' title='bbox 658 1322 772 1375; x_wconf 79' lang='grc' dir='ltr'><em>-αζω</em></span> <span class='ocrx_word' id='word_1_122' title='bbox 816 1327 858 1367; x_wconf 91' lang='lat' dir='ltr'><strong>et</strong></span> <span class='ocrx_word' id='word_1_123' title='bbox 899 1322 1001 1376; x_wconf 81' lang='grc' dir='ltr'>-ιζω</span> <span class='ocrx_word' id='word_1_124' title='bbox 1045 1323 1312 1380; x_wconf 80' lang='lat' dir='ltr'><strong>explicandis</strong></span> <span class='ocrx_word' id='word_1_125' title='bbox 1349 1337 1376 1367; x_wconf 91' lang='lat' dir='ltr'><strong>a</strong></span> <span class='ocrx_word' id='word_1_126' title='bbox 1406 1323 1573 1379; x_wconf 89' lang='lat' dir='ltr'><strong>Boppio</strong></span> <span class='ocrx_word' id='word_1_127' title='bbox 1613 1327 1655 1368; x_wconf 93' lang='lat' dir='ltr'><strong>et</strong></span> 
     </span>
     <span class='ocr_line' id='line_1_17' title="bbox 151 1388 1655 1444; baseline 0.001 -12"><span class='ocrx_word' id='word_1_128' title='bbox 151 1389 294 1432; x_wconf 87' lang='lat' dir='ltr'><strong>Curtio</strong></span> <span class='ocrx_word' id='word_1_129' title='bbox 327 1389 552 1440; x_wconf 86' lang='lat' dir='ltr'><strong>dissentit),</strong></span> <span class='ocrx_word' id='word_1_130' title='bbox 584 1389 883 1433; x_wconf 85' lang='lat' dir='ltr'><strong>Schleicherus</strong></span> <span class='ocrx_word' id='word_1_131' title='bbox 915 1389 1094 1444; x_wconf 81' lang='lat' dir='ltr'><strong>Comp.3</strong></span> <span class='ocrx_word' id='word_1_132' title='bbox 1124 1393 1201 1433; x_wconf 89' lang='grc'><strong>341</strong></span> <span class='ocrx_word' id='word_1_133' title='bbox 1235 1388 1384 1444; x_wconf 82' lang='lat' dir='ltr'><strong>sqq.⁷).</strong></span> <span class='ocrx_word' id='word_1_134' title='bbox 1435 1391 1491 1432; x_wconf 90' lang='lat' dir='ltr'><strong>Et</strong></span> <span class='ocrx_word' id='word_1_135' title='bbox 1511 1403 1655 1444; x_wconf 91' lang='lat' dir='ltr'><strong>quam-</strong></span> 
     </span>
     <span class='ocr_line' id='line_1_18' title="bbox 152 1454 1653 1510; baseline 0.001 -13"><span class='ocrx_word' id='word_1_136' title='bbox 152 1469 278 1509; x_wconf 89' lang='lat' dir='ltr'><strong>quam</strong></span> <span class='ocrx_word' id='word_1_137' title='bbox 309 1454 504 1498; x_wconf 90' lang='lat' dir='ltr'><strong>nonnulli</strong></span> <span class='ocrx_word' id='word_1_138' title='bbox 525 1454 665 1510; x_wconf 90' lang='lat' dir='ltr'><strong>Boppi</strong></span> <span class='ocrx_word' id='word_1_139' title='bbox 687 1456 945 1498; x_wconf 86' lang='lat' dir='ltr'><strong>sententiam</strong></span> <span class='ocrx_word' id='word_1_140' title='bbox 968 1462 1114 1498; x_wconf 82' lang='lat' dir='ltr'><strong>veram</strong></span> <span class='ocrx_word' id='word_1_141' title='bbox 1136 1468 1370 1510; x_wconf 84' lang='lat' dir='ltr'><strong>agnoscere</strong></span> <span class='ocrx_word' id='word_1_142' title='bbox 1391 1454 1653 1507; x_wconf 86' lang='lat' dir='ltr'><strong>dubitarunt,</strong></span> 
     </span>
     <span class='ocr_line' id='line_1_19' title="bbox 148 1520 1050 1575; baseline 0 -13"><span class='ocrx_word' id='word_1_143' title='bbox 148 1521 268 1562; x_wconf 92' lang='lat' dir='ltr'><strong>nullo</strong></span> <span class='ocrx_word' id='word_1_144' title='bbox 298 1520 426 1563; x_wconf 91' lang='lat' dir='ltr'><strong>modo</strong></span> <span class='ocrx_word' id='word_1_145' title='bbox 457 1533 552 1562; x_wconf 90' lang='lat' dir='ltr'><strong>eam</strong></span> <span class='ocrx_word' id='word_1_146' title='bbox 581 1520 779 1563; x_wconf 86' lang='lat' dir='ltr'><strong>refellere</strong></span> <span class='ocrx_word' id='word_1_147' title='bbox 809 1525 1050 1575; x_wconf 88' lang='lat' dir='ltr'><strong>potuerunt.</strong></span> 
     </span>
    </p>

    <p class='ocr_par' dir='ltr' id='par_1_5' title="bbox 146 1584 1704 2557">
     <span class='ocr_line' id='line_1_20' title="bbox 263 1584 1654 1641; baseline -0.001 -12"><span class='ocrx_word' id='word_1_148' title='bbox 263 1587 375 1629; x_wconf 86' lang='lat' dir='ltr'><strong>Nam</strong></span> <span class='ocrx_word' id='word_1_149' title='bbox 414 1599 521 1640; x_wconf 89' lang='lat' dir='ltr'><strong>quas</strong></span> <span class='ocrx_word' id='word_1_150' title='bbox 558 1585 824 1640; x_wconf 86' lang='lat' dir='ltr'><strong>suspiciones</strong></span> <span class='ocrx_word' id='word_1_151' title='bbox 867 1585 1001 1628; x_wconf 87' lang='lat' dir='ltr'><strong>movit</strong></span> <span class='ocrx_word' id='word_1_152' title='bbox 1045 1584 1372 1629; x_wconf 84' lang='lat' dir='ltr'><strong>Corssenius</strong></span> <span class='ocrx_word' id='word_1_153' title='bbox 1418 1585 1654 1641; x_wconf 86' lang='lat' dir='ltr'><strong>„Ausspr.“</strong></span> 
     </span>
     <span class='ocr_line' id='line_1_21' title="bbox 151 1650 1654 1705; baseline 0.001 -12"><span class='ocrx_word' id='word_1_154' title='bbox 151 1652 205 1704; x_wconf 94' lang='lat' dir='ltr'><strong>II,</strong></span> <span class='ocrx_word' id='word_1_155' title='bbox 238 1653 320 1693; x_wconf 83' lang='lat'><strong>732</strong></span> <span class='ocrx_word' id='word_1_156' title='bbox 351 1664 441 1705; x_wconf 92' lang='lat' dir='ltr'><strong>sqq.</strong></span> <span class='ocrx_word' id='word_1_157' title='bbox 489 1650 543 1693; x_wconf 93' lang='lat' dir='ltr'><strong>de</strong></span> <span class='ocrx_word' id='word_1_158' title='bbox 573 1650 649 1692; x_wconf 90' lang='lat' dir='ltr'><strong>illa</strong></span> <span class='ocrx_word' id='word_1_159' title='bbox 680 1651 988 1705; x_wconf 85' lang='lat' dir='ltr'><strong>explicatione,</strong></span> <span class='ocrx_word' id='word_1_160' title='bbox 1036 1651 1177 1705; x_wconf 90' lang='lat' dir='ltr'><strong>quoad</strong></span> <span class='ocrx_word' id='word_1_161' title='bbox 1218 1651 1389 1705; x_wconf 91' lang='lat' dir='ltr'><strong>quidem</strong></span> <span class='ocrx_word' id='word_1_162' title='bbox 1427 1652 1484 1693; x_wconf 90' lang='lat' dir='ltr'><strong>ad</strong></span> <span class='ocrx_word' id='word_1_163' title='bbox 1522 1652 1654 1695; x_wconf 87' lang='lat' dir='ltr'><strong>verba</strong></span> 
     </span>
     <span class='ocr_line' id='line_1_22' title="bbox 150 1716 1654 1771; baseline 0.001 -14"><span class='ocrx_word' id='word_1_164' title='bbox 150 1716 286 1759; x_wconf 88' lang='lat' dir='ltr'><strong>latina</strong></span> <span class='ocrx_word' id='word_1_165' title='bbox 316 1716 479 1770; x_wconf 88' lang='lat' dir='ltr'><strong>primae</strong></span> <span class='ocrx_word' id='word_1_166' title='bbox 510 1716 679 1771; x_wconf 82' lang='lat' dir='ltr'><strong>conjug.</strong></span> <span class='ocrx_word' id='word_1_167' title='bbox 711 1716 915 1769; x_wconf 84' lang='lat' dir='ltr'><strong>pertinet,</strong></span> <span class='ocrx_word' id='word_1_168' title='bbox 962 1716 1137 1759; x_wconf 91' lang='lat' dir='ltr'><strong>minime</strong></span> <span class='ocrx_word' id='word_1_169' title='bbox 1166 1730 1245 1759; x_wconf 90' lang='lat' dir='ltr'><strong>nos</strong></span> <span class='ocrx_word' id='word_1_170' title='bbox 1275 1716 1513 1770; x_wconf 89' lang='lat' dir='ltr'><strong>adducunt,</strong></span> <span class='ocrx_word' id='word_1_171' title='bbox 1553 1721 1599 1759; x_wconf 91' lang='lat' dir='ltr'><strong>ut</strong></span> <span class='ocrx_word' id='word_1_172' title='bbox 1628 1730 1654 1759; x_wconf 88' lang='lat' dir='ltr'><strong>a</strong></span> 
     </span>
     <span class='ocr_line' id='line_1_23' title="bbox 151 1780 1653 1837; baseline 0.001 -15"><span class='ocrx_word' id='word_1_173' title='bbox 151 1781 316 1837; x_wconf 90' lang='lat' dir='ltr'><strong>Boppio</strong></span> <span class='ocrx_word' id='word_1_174' title='bbox 348 1780 665 1823; x_wconf 88' lang='lat' dir='ltr'><strong>dissentiamus.</strong></span> <span class='ocrx_word' id='word_1_175' title='bbox 725 1781 902 1823; x_wconf 90' lang='lat' dir='ltr'><strong>Duobus</strong></span> <span class='ocrx_word' id='word_1_176' title='bbox 936 1781 1049 1823; x_wconf 91' lang='lat' dir='ltr'><strong>enim</strong></span> <span class='ocrx_word' id='word_1_177' title='bbox 1089 1781 1350 1835; x_wconf 87' lang='lat' dir='ltr'><strong>argumentis</strong></span> <span class='ocrx_word' id='word_1_178' title='bbox 1380 1786 1528 1823; x_wconf 89' lang='lat' dir='ltr'><strong>contra</strong></span> <span class='ocrx_word' id='word_1_179' title='bbox 1558 1794 1653 1824; x_wconf 90' lang='lat' dir='ltr'><strong>eum</strong></span> 
     </span>
     <span class='ocr_line' id='line_1_24' title="bbox 150 1844 1654 1900; baseline 0.001 -11"><span class='ocrx_word' id='word_1_180' title='bbox 150 1847 299 1897; x_wconf 88' lang='lat' dir='ltr'><strong>utitur;</strong></span> <span class='ocrx_word' id='word_1_181' title='bbox 332 1847 513 1889; x_wconf 89' lang='lat' dir='ltr'><strong>alterum</strong></span> <span class='ocrx_word' id='word_1_182' title='bbox 536 1859 589 1888; x_wconf 87' lang='lat' dir='ltr'><strong>ex</strong></span> <span class='ocrx_word' id='word_1_183' title='bbox 612 1858 662 1888; x_wconf 91' lang='lat' dir='ltr'><strong>eo</strong></span> <span class='ocrx_word' id='word_1_184' title='bbox 686 1845 811 1900; x_wconf 89' lang='lat' dir='ltr'><strong>ducit,</strong></span> <span class='ocrx_word' id='word_1_185' title='bbox 844 1844 956 1900; x_wconf 92' lang='lat' dir='ltr'><strong>quod</strong></span> <span class='ocrx_word' id='word_1_186' title='bbox 988 1846 1157 1900; x_wconf 88' lang='lat' dir='ltr'><strong>spirans</strong></span> <span class='ocrx_word' id='word_1_187' title='bbox 1177 1846 1209 1900; x_wconf 78' lang='lat' dir='ltr'><em>j</em></span> <span class='ocrx_word' id='word_1_188' title='bbox 1225 1846 1337 1889; x_wconf 90' lang='lat' dir='ltr'><strong>inter</strong></span> <span class='ocrx_word' id='word_1_189' title='bbox 1367 1846 1473 1889; x_wconf 91' lang='lat' dir='ltr'><strong>duas</strong></span> <span class='ocrx_word' id='word_1_190' title='bbox 1504 1860 1528 1887; x_wconf 86' lang='grc' dir='ltr'><em>α</em></span> <span class='ocrx_word' id='word_1_191' title='bbox 1549 1861 1654 1890; x_wconf 92' lang='lat' dir='ltr'><strong>nun-</strong></span> 
     </span>
     <span class='ocr_line' id='line_1_25' title="bbox 149 1910 1653 1968; baseline -0.001 -12"><span class='ocrx_word' id='word_1_192' title='bbox 149 1926 275 1968; x_wconf 88' lang='lat' dir='ltr'><strong>quam</strong></span> <span class='ocrx_word' id='word_1_193' title='bbox 306 1910 557 1956; x_wconf 88' lang='lat' dir='ltr'><strong>extrudatur</strong></span> <span class='ocrx_word' id='word_1_194' title='bbox 585 1910 632 1953; x_wconf 88' lang='lat' dir='ltr'><strong>in</strong></span> <span class='ocrx_word' id='word_1_195' title='bbox 664 1910 813 1966; x_wconf 85' lang='lat' dir='ltr'><strong>lingua</strong></span> <span class='ocrx_word' id='word_1_196' title='bbox 842 1910 991 1965; x_wconf 87' lang='lat' dir='ltr'><strong>latina,</strong></span> <span class='ocrx_word' id='word_1_197' title='bbox 1023 1911 1203 1954; x_wconf 90' lang='lat' dir='ltr'><strong>alterum</strong></span> <span class='ocrx_word' id='word_1_198' title='bbox 1226 1924 1279 1955; x_wconf 90' lang='lat' dir='ltr'><strong>ex</strong></span> <span class='ocrx_word' id='word_1_199' title='bbox 1305 1925 1368 1967; x_wconf 87' lang='lat' dir='ltr'><strong>eo,</strong></span> <span class='ocrx_word' id='word_1_200' title='bbox 1401 1911 1527 1967; x_wconf 91' lang='lat' dir='ltr'><strong>quod,</strong></span> <span class='ocrx_word' id='word_1_201' title='bbox 1560 1925 1653 1955; x_wconf 92' lang='lat' dir='ltr'><strong>cum</strong></span> 
     </span>
     <span class='ocr_line' id='line_1_26' title="bbox 148 1977 1704 2033; baseline 0 -11"><span class='ocrx_word' id='word_1_202' title='bbox 148 1979 321 2022; x_wconf 91' lang='lat' dir='ltr'><strong>omnino</strong></span> <span class='ocrx_word' id='word_1_203' title='bbox 359 1979 525 2021; x_wconf 89' lang='lat' dir='ltr'><strong>nullum</strong></span> <span class='ocrx_word' id='word_1_204' title='bbox 563 1977 739 2020; x_wconf 88' lang='lat' dir='ltr'><strong>verbum</strong></span> <span class='ocrx_word' id='word_1_205' title='bbox 781 1977 961 2020; x_wconf 88' lang='lat' dir='ltr'><strong>latinum</strong></span> <span class='ocrx_word' id='word_1_206' title='bbox 1000 1977 1045 2020; x_wconf 89' lang='lat' dir='ltr'><strong>in</strong></span> <span class='ocrx_word' id='word_1_207' title='bbox 1084 1992 1152 2019; x_wconf 86' lang='lat' dir='ltr'><strong>-ao</strong></span> <span class='ocrx_word' id='word_1_208' title='bbox 1193 1978 1386 2033; x_wconf 89' lang='lat' dir='ltr'><strong>ejusdem</strong></span> <span class='ocrx_word' id='word_1_209' title='bbox 1425 1979 1480 2021; x_wconf 90' lang='lat' dir='ltr'><strong>sit</strong></span> <span class='ocrx_word' id='word_1_210' title='bbox 1511 1978 1654 2033; x_wconf 86' lang='lat' dir='ltr'><strong>stirpis</strong></span> <span class='ocrx_word' id='word_1_211' title='bbox 1697 2003 1704 2009; x_wconf 93' lang='lat'>-</span> 
     </span>
     <span class='ocr_line' id='line_1_27' title="bbox 146 2042 1654 2099; baseline -0.001 -12"><span class='ocrx_word' id='word_1_212' title='bbox 146 2049 276 2099; x_wconf 88' lang='lat' dir='ltr'><strong>atque</strong></span> <span class='ocrx_word' id='word_1_213' title='bbox 314 2043 490 2098; x_wconf 90' lang='lat' dir='ltr'><strong>aliquod</strong></span> <span class='ocrx_word' id='word_1_214' title='bbox 526 2055 726 2098; x_wconf 87' lang='lat' dir='ltr'><strong>graecum</strong></span> <span class='ocrx_word' id='word_1_215' title='bbox 773 2045 871 2095; x_wconf 92' lang='lat' dir='ltr'><strong>(uno</strong></span> <span class='ocrx_word' id='word_1_216' title='bbox 912 2048 1091 2098; x_wconf 84' lang='lat' dir='ltr'><strong>excepto</strong></span> <span class='ocrx_word' id='word_1_217' title='bbox 1132 2042 1290 2098; x_wconf 79' lang='grc' dir='ltr'><em>ὁαμάω</em></span> <span class='ocrx_word' id='word_1_218' title='bbox 1332 2044 1517 2098; x_wconf 85' lang='lat' dir='ltr'><strong>domao),</strong></span> <span class='ocrx_word' id='word_1_219' title='bbox 1564 2045 1654 2087; x_wconf 86' lang='lat' dir='ltr'><strong>veri</strong></span> 
     </span>
     <span class='ocr_line' id='line_1_28' title="bbox 147 2108 1655 2166; baseline -0.001 -13"><span class='ocrx_word' id='word_1_220' title='bbox 147 2110 478 2154; x_wconf 89' lang='lat' dir='ltr'><strong>dissimillimum</strong></span> <span class='ocrx_word' id='word_1_221' title='bbox 511 2109 585 2162; x_wconf 91' lang='lat' dir='ltr'><strong>sit,</strong></span> <span class='ocrx_word' id='word_1_222' title='bbox 632 2109 768 2151; x_wconf 89' lang='lat' dir='ltr'><strong>latina</strong></span> <span class='ocrx_word' id='word_1_223' title='bbox 806 2109 939 2151; x_wconf 88' lang='lat' dir='ltr'><strong>verba</strong></span> <span class='ocrx_word' id='word_1_224' title='bbox 979 2122 1033 2151; x_wconf 86' lang='lat' dir='ltr'><strong>ex</strong></span> <span class='ocrx_word' id='word_1_225' title='bbox 1072 2108 1223 2152; x_wconf 92' lang='lat' dir='ltr'><strong>eodem</strong></span> <span class='ocrx_word' id='word_1_226' title='bbox 1253 2110 1372 2153; x_wconf 86' lang='lat' dir='ltr'><strong>fonte</strong></span> <span class='ocrx_word' id='word_1_227' title='bbox 1401 2109 1574 2166; x_wconf 84' lang='lat' dir='ltr'><strong>fluxisse</strong></span> <span class='ocrx_word' id='word_1_228' title='bbox 1603 2122 1655 2152; x_wconf 89' lang='lat' dir='ltr'><strong>ac</strong></span> 
     </span>
     <span class='ocr_line' id='line_1_29' title="bbox 146 2174 1652 2231; baseline -0.002 -12"><span class='ocrx_word' id='word_1_229' title='bbox 146 2189 313 2231; x_wconf 85' lang='lat' dir='ltr'><strong>graeca.</strong></span> <span class='ocrx_word' id='word_1_230' title='bbox 374 2174 563 2226; x_wconf 83' lang='lat' dir='ltr'><strong>Quorum</strong></span> <span class='ocrx_word' id='word_1_231' title='bbox 585 2178 948 2228; x_wconf 65' lang='lat' dir='ltr'><strong>⁴argumentorum</strong></span> <span class='ocrx_word' id='word_1_232' title='bbox 986 2174 1103 2228; x_wconf 88' lang='lat' dir='ltr'><strong>prius</strong></span> <span class='ocrx_word' id='word_1_233' title='bbox 1141 2175 1302 2218; x_wconf 91' lang='lat' dir='ltr'><strong>nullius</strong></span> <span class='ocrx_word' id='word_1_234' title='bbox 1333 2175 1538 2218; x_wconf 90' lang='lat' dir='ltr'><strong>momenti</strong></span> <span class='ocrx_word' id='word_1_235' title='bbox 1568 2178 1652 2228; x_wconf 72' lang='lat' dir='ltr'><strong>est,</strong></span> 
     </span>
     <span class='ocr_line' id='line_1_30' title="bbox 147 2238 1653 2295; baseline -0.001 -11"><span class='ocrx_word' id='word_1_236' title='bbox 147 2254 234 2284; x_wconf 91' lang='lat' dir='ltr'><strong>non</strong></span> <span class='ocrx_word' id='word_1_237' title='bbox 273 2240 385 2283; x_wconf 89' lang='lat' dir='ltr'><strong>enim</strong></span> <span class='ocrx_word' id='word_1_238' title='bbox 425 2239 537 2282; x_wconf 90' lang='lat' dir='ltr'><strong>inter</strong></span> <span class='ocrx_word' id='word_1_239' title='bbox 577 2238 683 2281; x_wconf 89' lang='lat' dir='ltr'><strong>duas</strong></span> <span class='ocrx_word' id='word_1_240' title='bbox 714 2253 737 2279; x_wconf 82' lang='lat' dir='ltr'><strong>a</strong></span> <span class='ocrx_word' id='word_1_241' title='bbox 768 2239 845 2281; x_wconf 91' lang='lat' dir='ltr'><strong>illa</strong></span> <span class='ocrx_word' id='word_1_242' title='bbox 884 2251 937 2281; x_wconf 81' lang='lat' dir='ltr'><strong>ex</strong></span> <span class='ocrx_word' id='word_1_243' title='bbox 973 2240 1187 2282; x_wconf 89' lang='lat' dir='ltr'><strong>sententia</strong></span> <span class='ocrx_word' id='word_1_244' title='bbox 1214 2240 1246 2295; x_wconf 81' lang='lat' dir='ltr'><em>j</em></span> <span class='ocrx_word' id='word_1_245' title='bbox 1274 2239 1530 2295; x_wconf 86' lang='lat' dir='ltr'><strong>exploditur,</strong></span> <span class='ocrx_word' id='word_1_246' title='bbox 1577 2239 1653 2282; x_wconf 87' lang='lat' dir='ltr'><strong>sed</strong></span> 
     </span>
     <span class='ocr_line' id='line_1_31' title="bbox 146 2304 1652 2361; baseline -0.001 -11"><span class='ocrx_word' id='word_1_247' title='bbox 146 2308 191 2350; x_wconf 90' lang='lat' dir='ltr'><strong>in</strong></span> <span class='ocrx_word' id='word_1_248' title='bbox 227 2310 261 2349; x_wconf 92' lang='lat'><strong>1.</strong></span> <span class='ocrx_word' id='word_1_249' title='bbox 302 2306 410 2361; x_wconf 86' lang='lat' dir='ltr'><strong>sing.</strong></span> <span class='ocrx_word' id='word_1_250' title='bbox 450 2305 561 2348; x_wconf 90' lang='lat' dir='ltr'><strong>inter</strong></span> <span class='ocrx_word' id='word_1_251' title='bbox 592 2318 615 2345; x_wconf 79' lang='lat' dir='ltr'><strong>a</strong></span> <span class='ocrx_word' id='word_1_252' title='bbox 648 2309 690 2348; x_wconf 96' lang='lat' dir='ltr'><strong>et</strong></span> <span class='ocrx_word' id='word_1_253' title='bbox 729 2318 774 2353; x_wconf 89' lang='lat'><strong>0,</strong></span> <span class='ocrx_word' id='word_1_254' title='bbox 816 2304 861 2347; x_wconf 92' lang='lat' dir='ltr'><strong>in</strong></span> <span class='ocrx_word' id='word_1_255' title='bbox 899 2304 1051 2348; x_wconf 88' lang='lat' dir='ltr'><strong>ceteris</strong></span> <span class='ocrx_word' id='word_1_256' title='bbox 1093 2318 1203 2360; x_wconf 91' lang='lat' dir='ltr'><strong>pers.</strong></span> <span class='ocrx_word' id='word_1_257' title='bbox 1242 2306 1354 2350; x_wconf 90' lang='lat' dir='ltr'><strong>inter</strong></span> <span class='ocrx_word' id='word_1_258' title='bbox 1385 2320 1408 2347; x_wconf 85' lang='lat' dir='ltr'><strong>a</strong></span> <span class='ocrx_word' id='word_1_259' title='bbox 1451 2309 1492 2349; x_wconf 91' lang='lat' dir='ltr'><strong>et</strong></span> <span class='ocrx_word' id='word_1_260' title='bbox 1531 2305 1549 2346; x_wconf 75' lang='grc' dir='ltr'><em>ἱ</em></span> <span class='ocrx_word' id='word_1_261' title='bbox 1583 2305 1652 2349; x_wconf 87' lang='lat' dir='ltr'><strong>vel</strong></span> 
     </span>
     <span class='ocr_line' id='line_1_32' title="bbox 147 2369 1652 2425; baseline -0.001 -10"><span class='ocrx_word' id='word_1_262' title='bbox 147 2374 257 2416; x_wconf 87' lang='lat' dir='ltr'><strong>inter</strong></span> <span class='ocrx_word' id='word_1_263' title='bbox 288 2386 313 2412; x_wconf 86' lang='lat' dir='ltr'><strong>a</strong></span> <span class='ocrx_word' id='word_1_264' title='bbox 344 2376 385 2414; x_wconf 90' lang='lat' dir='ltr'><strong>et</strong></span> <span class='ocrx_word' id='word_1_265' title='bbox 416 2385 438 2411; x_wconf 84' lang='lat' dir='ltr'><strong>e</strong></span> <span class='ocrx_word' id='word_1_266' title='bbox 470 2369 699 2423; x_wconf 78' lang='lat' dir='ltr'><strong>(Schleich.</strong></span> <span class='ocrx_word' id='word_1_267' title='bbox 730 2369 909 2424; x_wconf 83' lang='lat' dir='ltr'><strong>Comp.3</strong></span> <span class='ocrx_word' id='word_1_268' title='bbox 940 2373 1035 2412; x_wconf 82' lang='lat'><strong>346.</strong></span> <span class='ocrx_word' id='word_1_269' title='bbox 1069 2370 1183 2413; x_wconf 84' lang='lat' dir='ltr'><strong>Curt.</strong></span> <span class='ocrx_word' id='word_1_270' title='bbox 1214 2371 1396 2424; x_wconf 85' lang='lat' dir='ltr'><strong>„Stud.“</strong></span> <span class='ocrx_word' id='word_1_271' title='bbox 1426 2371 1505 2424; x_wconf 93' lang='lat' dir='ltr'><strong>III,</strong></span> <span class='ocrx_word' id='word_1_272' title='bbox 1540 2372 1652 2425; x_wconf 71' lang='lat'><strong>392),</strong></span> 
     </span>
     <span class='ocr_line' id='line_1_33' title="bbox 149 2434 1652 2492; baseline -0.001 -11"><span class='ocrx_word' id='word_1_273' title='bbox 149 2443 195 2482; x_wconf 89' lang='lat' dir='ltr'><strong>ut</strong></span> <span class='ocrx_word' id='word_1_274' title='bbox 224 2439 332 2481; x_wconf 89' lang='lat' dir='ltr'><strong>haec</strong></span> <span class='ocrx_word' id='word_1_275' title='bbox 362 2437 416 2480; x_wconf 90' lang='lat' dir='ltr'><strong>sit</strong></span> <span class='ocrx_word' id='word_1_276' title='bbox 447 2435 600 2480; x_wconf 86' lang='lat' dir='ltr'><strong>series:</strong></span> <span class='ocrx_word' id='word_1_277' title='bbox 653 2434 886 2490; x_wconf 70' lang='lat' dir='ltr'><strong>*saclajatz&#39;,</strong></span> <span class='ocrx_word' id='word_1_278' title='bbox 936 2435 1142 2492; x_wconf 78' lang='lat' dir='ltr'><strong>*sedajz&#39;t,</strong></span> <span class='ocrx_word' id='word_1_279' title='bbox 1189 2436 1373 2485; x_wconf 78' lang='lat' dir='ltr'><strong>*sedait,</strong></span> <span class='ocrx_word' id='word_1_280' title='bbox 1413 2437 1547 2484; x_wconf 82' lang='lat' dir='ltr'><strong>sedat,</strong></span> <span class='ocrx_word' id='word_1_281' title='bbox 1581 2437 1652 2480; x_wconf 87' lang='lat' dir='ltr'><strong>vel</strong></span> 
     </span>
     <span class='ocr_line' id='line_1_34' title="bbox 149 2502 732 2557; baseline -0.007 -12"><span class='ocrx_word' id='word_1_282' title='bbox 149 2503 355 2557; x_wconf 72' lang='lat' dir='ltr'><strong>*sedqjct,</strong></span> <span class='ocrx_word' id='word_1_283' title='bbox 387 2503 571 2552; x_wconf 52' lang='lat' dir='ltr'><strong>*sedtum</strong></span> <span class='ocrx_word' id='word_1_284' title='bbox 604 2502 732 2542; x_wconf 76' lang='lat' dir='ltr'><strong>sedat.</strong></span> 
     </span>
    </p>
   </div>
   <div class='ocr_carea' id='block_1_3' title="bbox 148 2600 420 2608">
    <p class='ocr_par' dir='ltr' id='par_1_6' title="bbox 148 2600 420 2608">
     <span class='ocr_line' id='line_1_35' title="bbox 148 2600 420 2608; baseline 0 0"><span class='ocrx_word' id='word_1_285' title='bbox 148 2600 420 2608; x_wconf 95' lang='lat' dir='ltr'><strong> </strong></span> 
     </span>
    </p>
   </div>
   <div class='ocr_carea' id='block_1_4' title="bbox 150 2652 1652 2753">
    <p class='ocr_par' dir='ltr' id='par_1_7' title="bbox 150 2652 1652 2753">
     <span class='ocr_line' id='line_1_36' title="bbox 237 2652 1652 2700; baseline 0.001 -12"><span class='ocrx_word' id='word_1_286' title='bbox 237 2656 262 2698; x_wconf 83' lang='lat'><strong>⁷)</strong></span> <span class='ocrx_word' id='word_1_287' title='bbox 299 2653 423 2689; x_wconf 88' lang='lat' dir='ltr'><strong>Etiam</strong></span> <span class='ocrx_word' id='word_1_288' title='bbox 446 2654 555 2690; x_wconf 88' lang='lat' dir='ltr'><strong>verba</strong></span> <span class='ocrx_word' id='word_1_289' title='bbox 579 2663 798 2700; x_wconf 84' lang='lat' dir='ltr'><strong>neograeca,</strong></span> <span class='ocrx_word' id='word_1_290' title='bbox 836 2661 928 2697; x_wconf 83' lang='lat' dir='ltr'><strong>quae</strong></span> <span class='ocrx_word' id='word_1_291' title='bbox 952 2652 1023 2688; x_wconf 87' lang='lat' dir='ltr'><strong>huc</strong></span> <span class='ocrx_word' id='word_1_292' title='bbox 1056 2652 1251 2698; x_wconf 86' lang='lat' dir='ltr'><strong>pertinent,</strong></span> <span class='ocrx_word' id='word_1_293' title='bbox 1284 2652 1403 2698; x_wconf 86' lang='lat' dir='ltr'><strong>Boppi</strong></span> <span class='ocrx_word' id='word_1_294' title='bbox 1437 2654 1652 2690; x_wconf 83' lang='lat' dir='ltr'><strong>sententiam</strong></span> 
     </span>
     <span class='ocr_line' id='line_1_37' title="bbox 150 2706 1257 2753; baseline -0.004 -8"><span class='ocrx_word' id='word_1_295' title='bbox 150 2710 359 2745; x_wconf 88' lang='lat' dir='ltr'><strong>confirmare</strong></span> <span class='ocrx_word' id='word_1_296' title='bbox 383 2707 559 2744; x_wconf 89' lang='lat' dir='ltr'><strong>videntur.</strong></span> <span class='ocrx_word' id='word_1_297' title='bbox 607 2708 651 2743; x_wconf 93' lang='lat' dir='ltr'><strong>V.</strong></span> <span class='ocrx_word' id='word_1_298' title='bbox 675 2706 935 2753; x_wconf 87' lang='lat' dir='ltr'><strong>Maurophryd.</strong></span> <span class='ocrx_word' id='word_1_299' title='bbox 960 2707 1003 2741; x_wconf 87' lang='lat' dir='ltr'><strong>K.</strong></span> <span class='ocrx_word' id='word_1_300' title='bbox 1030 2708 1057 2742; x_wconf 93' lang='lat' dir='ltr'>Z</span> <span class='ocrx_word' id='word_1_301' title='bbox 1094 2707 1154 2749; x_wconf 87' lang='lat' dir='ltr'><strong>VI,</strong></span> <span class='ocrx_word' id='word_1_302' title='bbox 1183 2709 1257 2741; x_wconf 83' lang='lat'><strong>142.</strong></span> 
     </span>
    </p>
   </div>
  </div>
 </body>
</html>
