1803 3230
141 294 218 333 144
788 293 958 339 Mangold

138 414 176 463 2,
209 412 304 453 213.
345 412 438 453 286.
482 413 519 461 3,
553 413 648 454 307.
690 414 728 465 6,
762 414 857 454 460.
900 416 937 464 7,
969 415 1035 456 99.
1072 415 1180 464 525,
1221 408 1424 467 ἡβώωντι
1457 413 1502 463 2,
1535 413 1630 464 328,

135 474 409 530 μαιμώωντα
441 478 488 529 3,
521 478 587 519 20.
639 478 677 530 6,
710 480 806 519 217.
860 481 923 531 10,
959 480 1051 521 103.
1106 481 1170 530 11,
1202 480 1296 530 475,
1335 474 1632 530 μαιμώωντας

141 546 205 595 10,
240 544 332 584 113.
385 545 448 594 14,
486 545 549 595 16,
594 542 875 596 λιχμώωντες
908 547 945 594 5,
978 548 1044 586 40.
1098 547 1135 596 6,
1169 546 1262 586 200.
1317 545 1380 595 12,
1412 544 1514 594 458,
1556 542 1632 585 sed

137 605 338 660 μνώοντο
370 609 408 659 8,
442 610 538 650 359.
574 611 637 662 11,
673 610 765 651 128.
802 611 915 662 164,
946 609 988 650 in
1012 607 1142 663 Orph.
1166 610 1320 663 Argon.
1352 605 1632 661 μαιμώοντες
1711 660 1715 665 ¹

139 673 233 723 419,
265 670 467 724 μνώοντο
500 676 602 728 6253
642 674 757 728 apud
783 675 960 729 Dionys.
994 674 1085 716 Per.
1117 673 1385 727 μαιμώωντο
1422 674 1548 725 1156;
1587 672 1631 714 in

138 737 284 780 Nonni
334 738 513 794 Dionys.
565 736 769 795 ἡβώοντα
816 741 854 792 2,
907 741 1001 792 649,
1054 738 1303 792 ὄιψώοντες
1352 738 1632 792 (διψώωντες

139 803 353 857 Graefius,
398 809 444 846 ut
474 805 594 858 solet,
625 819 663 846 V.
694 804 845 847 Kochl.
878 804 1035 847 Comm.
1067 805 1155 847 crit.
1193 819 1232 860 p.
1264 804 1398 851 LVII)
1441 806 1504 856 13,
1536 804 1631 845 265.

144 872 208 923 17,
244 873 337 921 114,
369 869 638 923 λιχμώοντες
669 873 736 917 22,
769 873 834 921 30,
866 868 1139 923 λιχμώοντας
1170 873 1236 920 32,
1272 865 1633 926 140,,ἡβώοντας

141 937 208 987 24,
245 938 336 989 188,
377 934 639 988 αὐχμώοντα
669 938 744 987 26,
781 938 871 978 108.
912 939 986 988 35,
1024 938 1114 977 119.
1154 940 1219 988 47,
1257 939 1347 987 153,
1386 934 1634 977 λυσσίύοντι

142 1003 208 1053 30,
242 1003 307 1043 56.
348 1004 413 1051 40,
447 1003 513 1052 87,
553 999 762 1054 ἀμώοντα
806 1004 871 1053 35,
905 1003 1006 1055 267,
1046 1000 1159 1055 apud
1190 1002 1328 1043 Tzetz.
1360 998 1633 1053 μαιμώωντα

141 1067 263 1108 Hom.
300 1068 390 1107 103.
460 1066 549 1108 Has
583 1079 683 1108 vero
722 1066 877 1108 formas
907 1066 970 1107 illi
1009 1079 1093 1107 non
1125 1066 1218 1108 sine
1256 1067 1506 1107 auctoritate
1537 1066 1634 1107 scri-

140 1134 327 1185 pserunt.
379 1131 455 1172 Est
487 1130 598 1172 enim
629 1130 776 1185 paucis
798 1129 1015 1185 Odysseae
1047 1130 1149 1172 locis
1178 1129 1477 1172 nonnullorum
1508 1130 1635 1172 libro·

140 1210 230 1239 rum
269 1196 476 1251 scriptura
517 1192 754 1252 ἡβώωντες
793 1212 815 1236 κ
848 1199 893 1248 6,
944 1186 1198 1250 γελώωντες
1238 1211 1264 1238 σ
1298 1199 1370 1237 111
1416 1201 1456 1238 et
1494 1213 1518 1238 v
1551 1197 1632 1239 390

141 1261 199 1316 (v.
231 1262 294 1304 La
324 1259 510 1316 Roche);
555 1266 682 1315 atque
722 1274 774 1304 ex
805 1261 885 1303 hoc
916 1261 1076 1303 scholio
1107 1261 1161 1303 ad
1196 1264 1221 1302 I
1248 1264 1352 1304 446:
1408 1257 1632 1317 ἡβώοντα·

141 1324 281 1377 οὕτως
315 1325 388 1369 διὰ
418 1330 497 1368 τοῦ
530 1343 563 1368 ω
595 1328 669 1369 καὶ
702 1343 724 1368 0
757 1326 803 1368 αἱ
832 1322 1118 1380 Ἀριστάρχου
1149 1327 1372 1381 colligitur,
1404 1327 1535 1370 fuisse
1564 1327 1634 1381 qui

140 1393 269 1434 etiam
307 1392 422 1446 apud
460 1392 688 1435 Homerum
735 1389 951 1449 ἡβώωντα
991 1393 1234 1434 scriberent.
1303 1392 1418 1444 Quos
1457 1400 1635 1449 apparet

141 1472 227 1500 non
257 1473 280 1499 ο
311 1459 562 1512 pleonasmo
603 1458 838 1500 subnexam
877 1458 1015 1500 vocali
1047 1474 1101 1508 ω,
1142 1458 1217 1500 sed
1249 1474 1271 1499 0
1303 1458 1535 1513 praefixam
1575 1463 1635 1510 (ut

140 1523 185 1564 in
207 1519 423 1575 ὁρόωντα)
455 1526 583 1575 atque
604 1528 692 1563 tum
714 1523 962 1577 productam
985 1535 1077 1565 esse
1099 1524 1336 1577 putavisse,
1368 1537 1451 1577 qua
1471 1525 1635 1567 ratione

141 1588 269 1631 etiam
302 1584 498 1645 ἡβώωσα
536 1592 672 1629 ortum
703 1600 796 1631 esse
826 1587 994 1630 videtur
1024 1588 1281 1631 scholiastae
1311 1588 1367 1631 ad
1400 1588 1424 1631 ὁ
1459 1594 1492 1632 1.

254 1654 375 1695 Adeo
407 1659 547 1695 autem
573 1654 636 1694 illi
666 1659 820 1707 poetae
849 1658 1014 1695 vetusto
1046 1654 1185 1695 colore
1214 1654 1385 1708 pellecti
1413 1654 1635 1697 distractas

141 1719 298 1762 formas
329 1718 596 1771 adamarunt,
628 1724 685 1769 ut,
717 1732 809 1761 cum
837 1722 1146 1761 contractarum
1178 1719 1404 1762 formarum
1436 1733 1636 1763 numerus

141 1785 256 1839 apud
298 1785 578 1826 Homerum
619 1785 930 1837 aliquantulum
976 1783 1029 1838 (si
1070 1785 1238 1838 quidem
1281 1788 1357 1826 241
1401 1783 1515 1841 ηὔδα
1550 1800 1635 1828 non

140 1849 454 1905 numeramus),
523 1850 566 1891 in
625 1849 836 1905 hymnis
890 1849 1182 1893 homericis
1230 1854 1371 1892 autem
1427 1855 1468 1893 et
1520 1850 1637 1905 apud

141 1916 432 1958 Hesiodum
464 1917 559 1969 plus
591 1916 721 1969 duplo
753 1916 890 1969 major
920 1916 973 1957 sit
1003 1929 1126 1968 quam
1161 1916 1474 1968 distractarum,
1522 1916 1637 1970 apud

140 1981 487 2036 Apollonium
533 1986 573 2024 et
618 1980 868 2033 Quintum
917 1994 940 2023 e
985 1981 1194 2023 contrario
1239 1981 1387 2023 harum
1437 1994 1636 2024 numerus

139 2048 228 2090 fere
257 2048 397 2102 triplo,
429 2047 545 2102 apud
577 2048 794 2089 Aratum
827 2052 868 2089 et
899 2046 1197 2101 Oppianum
1230 2047 1488 2101 quadruplo,
1520 2047 1636 2101 apud

140 2114 378 2155 Nonnum
410 2113 606 2166 sextuplo
636 2112 773 2166 major
795 2113 848 2154 sit
869 2126 993 2166 quam
1017 2117 1339 2163 contractarum,
1371 2112 1499 2153 immo
1521 2111 1637 2165 apud

140 2178 468 2221 Nicandrum
500 2178 676 2231 triginta
707 2191 782 2220 sex
819 2178 1017 2232 exempla
1049 2177 1269 2230 diectasis,
1310 2191 1439 2218 unum
1471 2181 1636 2218 tantum

139 2243 441 2287 contractionis
472 2243 757 2285 inveniantur.

255 2311 319 2352 Ex
356 2310 417 2352 eis
456 2309 526 2363 qui
559 2308 624 2351 his
655 2307 915 2362 temporibus
947 2306 1148 2350 diectasis
1178 2313 1372 2349 naturam
1405 2307 1638 2361 explanare

141 2375 413 2428 studuerunt,
459 2376 492 2416 I.
526 2374 812 2415 Bekkerus
858 2372 903 2413 in
943 2372 1116 2413 Homeri
1163 2372 1361 2414 editionis
1401 2371 1638 2415 Wolfianae

143 2454 320 2483 censura
366 2439 509 2495 („Jen.
543 2441 592 2482 A.
624 2440 670 2481 L.
703 2439 748 2480 Z.
786 2437 922 2481 1805ss
954 2458 1008 2470 =
1052 2437 1202 2490 ,‚Hom.
1234 2437 1329 2479 Bl.“
1369 2438 1400 2491 I,
1434 2439 1487 2479 46
1526 2437 1636 2494 sqq.)

142 2518 237 2547 eam
269 2518 362 2546 esse
392 2511 585 2547 naturam
617 2504 860 2545 anomaliae
892 2503 974 2545 sibi
1004 2503 1231 2556 persuasit,
1260 2507 1304 2543 ut
1324 2503 1479 2555 longae
1500 2503 1638 2544 vocali

142 2569 432 2612 contractione
463 2574 580 2612 ortae
610 2569 752 2612 brevis
792 2569 883 2620 vel,
935 2566 968 2610 si
1006 2571 1183 2609 metrum
1223 2565 1457 2620 flagitaret,
1509 2568 1639 2621 longa

143 2634 335 2688 ejusdem
390 2635 559 2687 generis
604 2635 725 2688 quasi
771 2633 981 2687 quaedam
1034 2632 1252 2674 anacrusis
1295 2637 1637 2685 anteponeretur.

143 2699 304 2742 Eodem
356 2699 444 2742 fere
488 2699 612 2742 modo
659 2700 1012 2742 Buttmannus
1057 2711 1117 2752 gr.
1164 2710 1225 2752 gr.
1271 2698 1423 2751 §1022
1472 2697 1570 2741 adn.
1613 2701 1638 2740 4

1280 2779 1302 2806 ι
1367 2802 1372 2807 .
